%%%%%%%%%%%%%%%%%%%%%%%%%%%%%%%%%%
%
%  LHCb papers
%
%%%%%%%%%%%%%%%%%%%%%%%%%%%%%%%%%%

@article{LHCb-PAPER-2015-060,
      author         = "Aaij, R. and others",
      title          = "{Observation of the $\Lambda_b^0 \to \psi(2S)pK^-$ decay}",
      collaboration  = "LHCb collaboration",
      year           = "2015",
      report         = "{LHCb-PAPER-2015-060}",
      note           = "{in preparation}",
}

@article{LHCb-PAPER-2015-059,
      author         = "Aaij, R. and others",
      title          = "{Constraints on the unitarity triangle $\gamma$ from Dalitz plot analysis of $B^0 \to D K^+\pi^-$ decays}",
      collaboration  = "LHCb collaboration",
      year           = "2015",
      report         = "{LHCb-PAPER-2015-059}",
      note           = "{in preparation}",
}

@article{LHCb-PAPER-2015-058,
      author         = "Aaij, R. and others",
      title          = "{Study of $\psi(2S)$ production cross-sections and cold nuclear matter effects in $p$Pb collisions at $\sqrt{s_{NN}} = 5$\,TeV}",
      collaboration  = "LHCb collaboration",
      year           = "2015",
      report         = "{LHCb-PAPER-2015-058}",
      note           = "{in preparation}",
}

@article{LHCb-PAPER-2015-057,
      author         = "Aaij, R. and others",
      title          = "{First observation of $D^0$--$\bar D^0$ oscillations in $D^0\to K^+\pi^+\pi^-\pi^-$ decays and a measurement of the associated coherence parameters}",
      collaboration  = "LHCb collaboration",
      year           = "2015",
      report         = "{LHCb-PAPER-2015-057}",
      note           = "{in preparation}",
}

@article{LHCb-PAPER-2015-056,
      author         = "Aaij, R. and others",
      title          = "{Neural-network-based same side kaon tagging algorithm calibrated with $B_s^0\to D_s^-\pi^+$ and $B_{s2}^*(5840)^0\to B^+K^-$ decays}",
      collaboration  = "LHCb collaboration",
      year           = "2015",
      report         = "{LHCb-PAPER-2015-056}",
      note           = "{in preparation}",
}

@article{LHCb-PAPER-2015-055,
      author         = "Aaij, R. and others",
      title          = "{Measurements of time-integrated asymmetries in $D^0 \rightarrow K^-K^+$ and $D^0 \rightarrow \pi^-\pi^+$ decays}",
      collaboration  = "LHCb collaboration",
      year           = "2015",
      report         = "{LHCb-PAPER-2015-055}",
      note           = "{in preparation}",
}

@article{LHCb-PAPER-2015-054,
      author         = "Aaij, R. and others",
      title          = "{First observation of the rare $B^+\to D^+ K^+ \pi^-$ decay}",
      collaboration  = "LHCb collaboration",
      year           = "2015",
      report         = "{LHCb-PAPER-2015-054, CERN-PH-EP-2015-313}",
      note           = "{submitted to Phys.Rev.D.}",
      eprint         = "1512.02494",
      archivePrefix  = "arXiv",
      primaryClass   = "hep-ex",
      SLACcitation   = "%%CITATION = ARXIV:1512.02494;%%",
}

@article{LHCb-PAPER-2015-053,
      author         = "Aaij, R. and others",
      title          = "{Measurement of the inclusive $B_s^0\to D_s^{(*)+}D_s^{(*)-}$ branching fraction}",
      collaboration  = "LHCb collaboration",
      year           = "2015",
      report         = "{LHCb-PAPER-2015-053}",
      note           = "{in preparation}",
}

@article{LHCb-PAPER-2015-052,
      author         = "Aaij, R. and others",
      title          = "{Study of $D_{sJ}$ meson decays to $D^{*+}K^0_S$ and $D^{*0}K^+$ final states in $pp$ collisions}",
      collaboration  = "LHCb collaboration",
      year           = "2015",
      report         = "{LHCb-PAPER-2015-052}",
      note           = "{in preparation}",
}

@article{LHCb-PAPER-2015-051,
      author         = "Aaij, R. and others",
      title          = "{Angular analysis of the $B^0\to K^{\ast0}\mu^+\mu^-$ decay}",
      collaboration  = "LHCb collaboration",
      year           = "2015",
      report         = "{LHCb-PAPER-2015-051}",
      note           = "{submitted to JHEP}",
      eprint         = "1512.04442",
      archivePrefix  = "arXiv",
      primaryClass   = "hep-ex",
      SLACcitation   = "%%CITATION = ARXIV:1512.04442;%%",
}

@article{LHCb-PAPER-2015-050,
      author         = "Aaij, R. and others",
      title          = "{Observation of $B_s^0\to {{\kern 0.2em\overline{\kern -0.2em {D}}}\xspace}{}^0 K^0_S$}",
      collaboration  = "LHCb collaboration",
      year           = "2015",
      report         = "{LHCb-PAPER-2015-050}",
      note           = "{in preparation}",
}

@article{LHCb-PAPER-2015-049,
      author         = "Aaij, R. and others",
      title          = "{Measurement of forward $W$ and $Z$ boson production in $pp$ collisions at $\sqrt{s}=8$ TeV }",
      collaboration  = "LHCb collaboration",
      year           = "2015",
      report         = "{LHCb-PAPER-2015-049, CERN-PH-EP-2015-301}",
      note           = "{submitted to JHEP}",
      eprint         = "1511.08039",
      archivePrefix  = "arXiv",
      primaryClass   = "hep-ex",
      SLACcitation   = "%%CITATION = ARXIV:1511.08039;%%",
}

@article{LHCb-PAPER-2015-048,
      author         = "Aaij, R. and others",
      title          = "{Search for the lepton-flavour violating decay $D^0 \to e^\pm\mu^\mp$}",
      collaboration  = "LHCb collaboration",
      year           = "2015",
      report         = "{LHCb-PAPER-2015-048, CERN-PH-EP-2015-306}",
      note           = "{submitted to Phys.Lett.B}",
      eprint         = "1512.00322",
      archivePrefix  = "arXiv",
      primaryClass   = "hep-ex",
      SLACcitation   = "%%CITATION = ARXIV:1512.00322;%%",
}

@article{LHCb-PAPER-2015-047,
      author         = "Aaij, R. and others",
      title          = "{Evidence for the strangeness-changing weak decay $\Xi_b^- \to \Lambda_b^0\pi^-$}",
      collaboration  = "LHCb collaboration",
      year           = "2015",
      report         = "{LHCb-PAPER-2015-047, CERN-PH-EP-2015-277}",
      eprint         = "1510.03829",
      archivePrefix  = "arXiv",
      primaryClass   = "hep-ex",
      SLACcitation   = "%%CITATION = ARXIV:1510.03829;%%",
      journal        = "Phys. Rev. Lett.",
      volume         = "115",
      pages          = "241801",
      doi            = "10.1103/PhysRevLett.115.241801",
}

@article{LHCb-PAPER-2015-046,
      author         = "Aaij, R. and others",
      title          = "{Production of associated $\Upsilon$ and open charm hadrons in $pp$ collisions at $\sqrt{s} = 7$ and 8 TeV via double parton scattering}",
      collaboration  = "LHCb collaboration",
      year           = "2015",
      report         = "{LHCb-PAPER-2015-046, CERN-PH-EP-2015-279}",
      note           = "{submitted to JHEP}",
      eprint         = "1510.05949",
      archivePrefix  = "arXiv",
      primaryClass   = "hep-ex",
      SLACcitation   = "%%CITATION = ARXIV:1510.05949;%%",
}

@article{LHCb-PAPER-2015-045,
      author         = "Aaij, R. and others",
      title          = "{Forward production of $\Upsilon$ mesons in $pp$ collisions at $\sqrt{s}=7$ and 8 TeV}",
      collaboration  = "LHCb collaboration",
      year           = "2015",
      report         = "{LHCb-PAPER-2015-045, CERN-PH-EP-2015-232}",
      eprint         = "1509.02372",
      archivePrefix  = "arXiv",
      primaryClass   = "hep-ex",
      SLACcitation   = "%%CITATION = ARXIV:1509.02372;%%",
      journal        = "JHEP",
      volume         = "11",
      pages          = "103",
      doi            = "10.1007/JHEP11(2015)103",
}}

@article{LHCb-PAPER-2015-044,
      author         = "Aaij, R. and others",
      title          = "{Search for the decays $B^0 \to J/\psi \gamma$ and $B^0_s \to J/\psi \gamma$ }",
      collaboration  = "LHCb collaboration",
      year           = "2015",
      report         = "{LHCb-PAPER-2015-044, CERN-PH-EP-2015-276}",
      eprint         = "1510.04866",
      archivePrefix  = "arXiv",
      primaryClass   = "hep-ex",
      SLACcitation   = "%%CITATION = ARXIV:1509.02372;%%",
      journal        = "Phys. Rev.",
      volume         = "D92",
      pages          = "112002",
      doi            = "10.1103/PhysRevD.92.112002",
}

@article{LHCb-PAPER-2015-043,
      author         = "Aaij, R. and others",
      title          = "{First observation of the decay $D^0\to K^-\pi^+\mu^+\mu^-$ in the $\rho^0-\omega$ region of the dimuon mass spectrum}",
      collaboration  = "LHCb collaboration",
      year           = "2015",
      report         = "{LHCb-PAPER-2015-043, CERN-PH-EP-2015-283}",
      note           = "{submitted to Phys.Lett.B}",
      eprint         = "1510.08367",
      archivePrefix  = "arXiv",
      primaryClass   = "hep-ex",
      SLACcitation   = "%%CITATION = ARXIV:1510.08367;%%",
}

@article{LHCb-PAPER-2015-042,
      author         = "Aaij, R. and others",
      title          = "{Model-independent measurement of mixing parameters in $D^0\to K^0_S\pi^+\pi^-$ decays}",
      collaboration  = "LHCb collaboration",
      year           = "2015",
      report         = "{LHCb-PAPER-2015-042, CERN-PH-EP-2015-249}",
      note           = "{submitted to JHEP}",
      eprint         = "1510.01664",
      archivePrefix  = "arXiv",
      primaryClass   = "hep-ex",
      SLACcitation   = "%%CITATION = ARXIV:1510.01664;%%",
}

@article{LHCb-PAPER-2015-041,
      author         = "Aaij, R. and others",
      title          = "{Measurements of prompt charm production cross-sections in $pp$ collisions at $\sqrt{s} = 13\,$TeV}",
      collaboration  = "LHCb collaboration",
      year           = "2015",
      report         = "{LHCb-PAPER-2015-041, CERN-PH-EP-2015-272}",
      note           = "{submitted to JHEP}",
      eprint         = "1510.01707",
      archivePrefix  = "arXiv",
      primaryClass   = "hep-ex",
      SLACcitation   = "%%CITATION = ARXIV:1510.01707;%%",
}

@article{LHCb-PAPER-2015-040,
      author         = "Aaij, R. and others",
      title          = "{Measurement of two-particle correlations in proton-ion collisions at $\sqrt{s_\text{NN}}= 5.02$ TeV}",
      collaboration  = "LHCb collaboration",
      year           = "2015",
      report         = "{LHCb-PAPER-2015-040, CERN-PH-EP-2015-308}",
      note           = "{submitted to Phys.Lett.B}",
      eprint         = "1512.00439",
      archivePrefix  = "arXiv",
      primaryClass   = "hep-ex",
      SLACcitation   = "%%CITATION = ARXIV:1512.00439;%%",
}

@article{LHCb-PAPER-2015-039,
      author         = "Aaij, R. and others",
      title          = "{Measurement of the forward-backward asymmetry in $Z/\gamma^\ast\to\mu^+\mu^-$ decays and determination of the effective weak mixing angle}",
      collaboration  = "LHCb collaboration",
      year           = "2015",
      report         = "{LHCb-PAPER-2015-039, CERN-PH-EP-2015-250}",
      eprint         = "1509.07645",
      archivePrefix  = "arXiv",
      primaryClass   = "hep-ex",
      SLACcitation   = "%%CITATION = ARXIV:1509.07645;%%",
      journal        = "JHEP",
      volume         = "11",
      pages          = "190",
      doi            = "10.1007/JHEP11(2015)190",
}

@article{LHCb-PAPER-2015-038,
      author         = "Aaij, R. and others",
      title          = "{A model-independent confirmation of the $Z(4430)^-$ state}",
      collaboration  = "LHCb collaboration",
      year           = "2015",
      report         = "{LHCb-PAPER-2015-038, CERN-PH-EP-2015-244}",
      note           = "{to appear in Phys.Rev.D.}",
      eprint         = "1510.01951",
      archivePrefix  = "arXiv",
      primaryClass   = "hep-ex",
      SLACcitation   = "%%CITATION = ARXIV:1510.01951;%%",
}

@article{LHCb-PAPER-2015-037,
      author         = "Aaij, R. and others",
      title          = "{Measurement of forward $J/\psi$ production cross-sections in $pp$ collisions at $\sqrt{s}=13\:$TeV}",
      collaboration  = "LHCb collaboration",
      year           = "2015",
      report         = "{LHCb-PAPER-2015-037, CERN-PH-EP-2015-222}",
      eprint         = "1509.00771",
      archivePrefix  = "arXiv",
      primaryClass   = "hep-ex",
      SLACcitation   = "%%CITATION = ARXIV:1509.00771;%%",
      journal        = "JHEP",
      volume         = "10",
      pages          = "172",
      doi            = "10.1007/JHEP10(2015)172",
}

@article{LHCb-PAPER-2015-036,
      author         = "Aaij, R. and others",
      title          = "{Search for hidden-sector bosons in $B^0\to K^{*0}\mu^+\mu^-$ decays}",
      collaboration  = "LHCb collaboration",
      year           = "2015",
      report         = "{LHCb-PAPER-2015-036, CERN-PH-EP-2015-202}",
      eprint         = "1508.04094",
      archivePrefix  = "arXiv",
      primaryClass   = "hep-ex",
      SLACcitation   = "%%CITATION = ARXIV:1508.04094;%%",
      journal        = "Phys. Rev. Lett.",
      volume         = "115",
      pages          = "161802",
      doi            = "10.1103/PhysRevLett.115.161802",
}

@article{LHCb-PAPER-2015-035,
      author         = "Aaij, R. and others",
      title          = "{First measurement of the differential branching fraction and $C\!P$ asymmetry of the $B^+ \to \pi^+ \mu^+ \mu^-$ decay}",
      collaboration  = "LHCb collaboration",
      year           = "2015",
      report         = "{LHCb-PAPER-2015-035, CERN-PH-EP-2015-219}",
      eprint         = "1509.00414",
      archivePrefix  = "arXiv",
      primaryClass   = "hep-ex",
      SLACcitation   = "%%CITATION = ARXIV:1509.00414;%%",
      journal        = "JHEP",
      volume         = "10",
      pages          = "034",
      doi            = "10.1007/JHEP10(2015)034",
}

@article{LHCb-PAPER-2015-034,
      author         = "Aaij, R. and others",
      title          = "{Measurement of $C\!P$ violation parameters and polarisation fractions in $B^0_s\to J/\psi \overline{K}^{*0}$ decays}",
      collaboration  = "LHCb collaboration",
      year           = "2015",
      report         = "{LHCb-PAPER-2015-034, CERN-PH-EP-2015-224}",
      eprint         = "1509.00400",
      archivePrefix  = "arXiv",
      primaryClass   = "hep-ex",
      SLACcitation   = "%%CITATION = ARXIV:1509.00400;%%",
      journal        = "JHEP",
      volume         = "11",
      pages          = "082",
      doi            = "10.1007/JHEP11(2015)082",
}

@article{LHCb-PAPER-2015-033,
      author         = "Aaij, R. and others",
      title          = "{First observation of the $B_s^0 \to J/\psi \phi \phi$ decay and measurement of $\mathcal{B}(B_s^0 \to J/\psi \phi \phi)/\mathcal{B}(B_s^0 \to J/\psi \phi)$}",
      collaboration  = "LHCb collaboration",
      year           = "2015",
      report         = "{LHCb-PAPER-2015-033}",
      note           = "{in preparation}",
}

@article{LHCb-PAPER-2015-032,
      author         = "Aaij, R. and others",
      title          = "{Study of the productions of $\Lambda_b^0$ and $\bar B^0$ hadrons in $pp$ collisions and first measurement of the $\Lambda_b^0\to J/\psi pK^-$ branching fraction}",
      collaboration  = "LHCb collaboration",
      year           = "2015",
      report         = "{LHCb-PAPER-2015-032, CERN-PH-EP-2015-223}",
      note           = "{to appear in Chin.Phys.C.}",
      eprint         = "1509.00292",
      archivePrefix  = "arXiv",
      primaryClass   = "hep-ex",
      SLACcitation   = "%%CITATION = ARXIV:1509.00292;%%",
}

@article{LHCb-PAPER-2015-031,
      author         = "Aaij, R. and others",
      title          = "{Measurement of the $B^0$ oscillation frequency $\Delta m_d$ with $B^0\to D^{(*)-}\mu^+\nu_\mu$}",
      collaboration  = "LHCb collaboration",
      year           = "2015",
      report         = "{LHCb-PAPER-2015-031}",
      note           = "{in preparation}",
}

@article{LHCb-PAPER-2015-030,
      author         = "Aaij, R. and others",
      title          = "{Measurement of the time-integrated $C\!P$ asymmetry in $D^0\to K_S^0K_S^0$ decays}",
      collaboration  = "LHCb collaboration",
      year           = "2015",
      report         = "{LHCb-PAPER-2015-030, CERN-PH-EP-2015-215}",
      eprint         = "1508.06087",
      archivePrefix  = "arXiv",
      primaryClass   = "hep-ex",
      SLACcitation   = "%%CITATION = ARXIV:1508.00788;%%",
      journal        = "JHEP",
      volume         = "10",
      pages          = "055",
      doi            = "10.1007/JHEP10(2015)055",
}

@article{LHCb-PAPER-2015-029,
      author         = "Aaij, R. and others",
      title          = "{Observation of $J/\psi p$ resonances consistent with pentaquark states in $\Lambda_b^0\to J/\psi pK^-$ decays}",
      collaboration  = "LHCb collaboration",
      year           = "2015",
      report         = "{LHCb-PAPER-2015-029, CERN-PH-EP-2015-153}",
      eprint         = "1507.03414",
      archivePrefix  = "arXiv",
      primaryClass   = "hep-ex",
      SLACcitation   = "%%CITATION = ARXIV:1507.03414;%%",
      journal        = "Phys. Rev. Lett.",
      volume         = "115",
      pages          = "072001",
      doi            = "10.1103/PhysRevLett.115.072001",
}

@article{LHCb-PAPER-2015-028,
      author         = "Aaij, R. and others",
      title          = "{Measurement of the $B_s^0\to \phi\phi$ branching fraction and search for the decay $B^0\to \phi\phi$}",
      collaboration  = "LHCb collaboration",
      year           = "2015",
      report         = "{LHCb-PAPER-2015-028, CERN-PH-EP-2015-198}",
      eprint         = "1508.00788",
      archivePrefix  = "arXiv",
      primaryClass   = "hep-ex",
      SLACcitation   = "%%CITATION = ARXIV:1508.00788;%%",
      journal        = "JHEP",
      volume         = "10",
      pages          = "053",
      doi            = "10.1007/JHEP10(2015)053",
}

@article{LHCb-PAPER-2015-027,
      author         = "Aaij, R. and others",
      title          = "{$B$ flavour tagging using charm decays at the LHCb experiment}",
      collaboration  = "LHCb collaboration",
      year           = "2015",
      report         = "{LHCb-PAPER-2015-027, CERN-PH-EP-2015-193}",
      eprint         = "1507.07892",
      archivePrefix  = "arXiv",
      primaryClass   = "hep-ex",
      SLACcitation   = "%%CITATION = ARXIV:1507.07892;%%",
      journal        = "JINST",
      volume         = "10",
      pages          = "P10005",
      doi            = "http://dx.doi.org/10.1088/1748-0221/10/10/P10005",
}

@article{LHCb-PAPER-2015-026,
      author         = "Aaij, R. and others",
      title          = "{Studies of the resonance structure in $D^{0}\to K_S^0K\pi$ decays}",
      collaboration  = "LHCb collaboration",
      year           = "2015",
      report         = "{LHCb-PAPER-2015-026, CERN-PH-EP-2015-238}",
      note           = "{submitted to Phys.Rev.D.}",
      eprint         = "1509.06628",
      archivePrefix  = "arXiv",
      primaryClass   = "hep-ex",
      SLACcitation   = "%%CITATION = ARXIV:1509.06628;%%",
}

@article{LHCb-PAPER-2015-025,
      author         = "Aaij, R. and others",
      title          = "{ Measurement of the ratio of branching fractions $\cal{B}(\overline{B}^0 \to D^{*+} \tau^{-}\overline{\nu}_{\tau})/{\cal B}(\overline{B}^0 \to D^{*+} \mu^{-}\overline{\nu}_{\mu})$}",
      collaboration  = "LHCb collaboration",
      year           = "2015",
      report         = "{LHCb-PAPER-2015-025, CERN-PH-EP-2015-150}",
      eprint         = "1506.08614",
      archivePrefix  = "arXiv",
      primaryClass   = "hep-ex",
      SLACcitation   = "%%CITATION = ARXIV:1506.08614;%%",
      journal        = "Phys. Rev. Lett.",
      volume         = "115",
      pages          = "111803",
      doi            = "10.1103/PhysRevLett.115.111803",
}

@article{LHCb-PAPER-2015-024,
      author         = "Aaij, R. and others",
      title          = "{Measurement of the branching fraction ratio $\mathcal{B}(B_c^+\to\psi(2S)\pi^+)/\mathcal{B}(B_c^+\to J/\psi\pi^+)$}",
      collaboration  = "LHCb collaboration",
      year           = "2015",
      report         = "{LHCb-PAPER-2015-024, CERN-PH-EP-2015-167}",
      eprint         = "1507.03516",
      archivePrefix  = "arXiv",
      primaryClass   = "hep-ex",
      SLACcitation   = "%%CITATION = ARXIV:1507.03516;%%",
      journal        = "Phys. Rev.",
      volume         = "D92",
      pages          = "057007",
      doi            = "10.1103/PhysRevD.92.072007",
}

@article{LHCb-PAPER-2015-023,
      author         = "Aaij, R. and others",
      title          = "{Angular analysis and differential branching fraction of the decay $B^0_s \to \phi\mu^+\mu^-$}",
      collaboration  = "LHCb collaboration",
      year           = "2015",
      report         = "{LHCb-PAPER-2015-023, CERN-PH-EP-2015-145}",
      eprint         = "1506.08777",
      archivePrefix  = "arXiv",
      primaryClass   = "hep-ex",
      SLACcitation   = "%%CITATION = ARXIV:1506.08777;%%",
      journal        = "JHEP",
      volume         = "09",
      pages          = "179",
      doi            = "JHEP09(2015)179",
}

@article{LHCb-PAPER-2015-022,
      author         = "Aaij, R. and others",
      title          = "{First observation of top quark production in the forward region}",
      collaboration  = "LHCb collaboration",
      year           = "2015",
      report         = "{LHCb-PAPER-2015-022, CERN-PH-EP-2015-132}",
      eprint         = "1506.00903",
      archivePrefix  = "arXiv",
      primaryClass   = "hep-ex",
      SLACcitation   = "%%CITATION = ARXIV:1506.00903;%%",
      journal        = "Phys. Rev. Lett.",
      volume         = "115",
      pages          = "112001",
      doi            = "10.1103/PhysRevLett.115.112001",
}

@article{LHCb-PAPER-2015-021,
      author         = "Aaij, R. and others",
      title          = "{Study of $W$ boson production in association with beauty and charm}",
      collaboration  = "LHCb collaboration",
      year           = "2015",
      report         = "{LHCb-PAPER-2015-021, CERN-PH-EP-2015-118}",
      eprint         = "1505.04051",
      archivePrefix  = "arXiv",
      primaryClass   = "hep-ex",
      SLACcitation   = "%%CITATION = ARXIV:1505.04051;%%",
      journal        = "Phys. Rev.",
      volume         = "D92",
      pages          = "052012",
      doi            = "10.1103/PhysRevD.92.052001",
}

@article{LHCb-PAPER-2015-020,
      author         = "Aaij, R. and others",
      title          = "{Study of $B^-\to DK^-\pi^+\pi^-$ and $B^-\to D\pi^-\pi^+\pi^-$ decays and determination of the CKM angle $\gamma$}",
      collaboration  = "LHCb collaboration",
      year           = "2015",
      report         = "{LHCb-PAPER-2015-020, CERN-PH-EP-2015-127}",
      eprint         = "1505.07044",
      archivePrefix  = "arXiv",
      primaryClass   = "hep-ex",
      SLACcitation   = "%%CITATION = ARXIV:1505.07044;%%",
      journal        = "Phys. Rev.",
      volume         = "D92",
      pages          = "112005",
      doi            = "10.1103/PhysRevD.92.112005",
}

@article{LHCb-PAPER-2015-019,
      author         = "Aaij, R. and others",
      title          = "{Search for the $\Lambda_b^0 \to \Lambda \eta$ and $\Lambda_b^0 \to \Lambda \eta'$ decays with the LHCb detector}",
      collaboration  = "LHCb collaboration",
      year           = "2015",
      report         = "{LHCb-PAPER-2015-019, CERN-PH-EP-2015-112}",
      eprint         = "1505.03295",
      archivePrefix  = "arXiv",
      primaryClass   = "hep-ex",
      SLACcitation   = "%%CITATION = ARXIV:1505.03295;%%",
      journal        = "JHEP",
      volume         = "09",
      pages          = "006",
      doi            = "JHEP09(2015)006",
}

@article{LHCb-PAPER-2015-018,
      author         = "Aaij, R. and others",
      title          = "{First observation of the decay $B_s^0\to K_S^0K^*(892)^0$}",
      collaboration  = "LHCb collaboration",
      year           = "2015",
      report         = "{LHCb-PAPER-2015-018, CERN-PH-EP-2015-144}",
      note           = "{submitted to JHEP}",
      eprint         = "1506.08634",
      archivePrefix  = "arXiv",
      primaryClass   = "hep-ex",
      SLACcitation   = "%%CITATION = ARXIV:1506.08634;%%",
}

@article{LHCb-PAPER-2015-017,
      author         = "Aaij, R. and others",
      title          = "{Amplitude analysis of $B^0\to \overline{D}^0K^+\pi^-$ decays}",
      collaboration  = "LHCb collaboration",
      year           = "2015",
      report         = "{LHCb-PAPER-2015-017, CERN-PH-EP-2015-107}",
      eprint         = "1505.01505",
      archivePrefix  = "arXiv",
      primaryClass   = "hep-ex",
      SLACcitation   = "%%CITATION = ARXIV:1505.01505;%%",
      journal        = "Phys. Rev.",
      volume         = "D92",
      pages          = "012012",
      doi            = "10.1103/PhysRevD.92.012012",
}

@article{LHCb-PAPER-2015-016,
      author         = "Aaij, R. and others",
      title          = "{Identification of beauty and charm quark jets at LHCb}",
      collaboration  = "LHCb collaboration",
      year           = "2015",
      eprint         = "1504.07670",
      archivePrefix  = "arXiv",
      primaryClass   = "hep-ex",
      report         = "{CERN-PH-EP-2015-101, LHCb-PAPER-2015-016}",
      SLACcitation   = "%%CITATION = ARXIV:1504.07670;%%",
      journal        = "JINST",
      volume         = "10",
      pages          = "P06013",
      doi            = "10.1088/1748-0221/10/06/P06013",
}

@article{LHCb-PAPER-2015-015,
      author         = "Aaij, R. and others",
      title          = "{Quantum numbers of the $X(3872)$ state and orbital angular momentum in its $\rho^0 J/\psi$ decays}",
      collaboration  = "LHCb collaboration",
      year           = "2015",
      eprint         = "1504.06339",
      archivePrefix  = "arXiv",
      primaryClass   = "hep-ex",
      report         = "{CERN-PH-EP-2015-098, LHCb-PAPER-2015-015}",
      SLACcitation   = "%%CITATION = ARXIV:1504.06339;%%",
      journal        = "Phys. Rev.",
      volume         = "D92",
      pages          = "011102(R)",
      doi            = "10.1103/PhysRevD.92.011102",
}

@article{LHCb-PAPER-2015-014,
      author         = "Aaij, R. and others",
      title          = "{A study of $C\!P$ violation in $B^\mp \to Dh^\mp$ $(h=K,\pi)$ with the modes $D\to K^\mp \pi^\pm\pi^0$, $D\to \pi^+\pi^-\pi^0$ and $D\to K^+K^-\pi^0$}",
      collaboration  = "LHCb collaboration",
      year           = "2015",
      eprint         = "1504.05442",
      archivePrefix  = "arXiv",
      primaryClass   = "hep-ex",
      report         = "{CERN-PH-EP-2015-097, LHCb-PAPER-2015-014}",
      SLACcitation   = "%%CITATION = ARXIV:1504.05442;%%",
      journal        = "Phys. Rev.",
      volume         = "D91",
      pages          = "112014",
      doi            = "10.1103/PhysRevD.91.112014",
}

@article{LHCb-PAPER-2015-013,
      author         = "Aaij, R. and others",
      title          = "{Determination of the quark coupling strength $|V_{ub}|$ using baryonic decays}",
      collaboration  = "LHCb collaboration",
      year           = "2015",
      eprint         = "1504.01568",
      archivePrefix  = "arXiv",
      primaryClass   = "hep-ex",
      report         = "{CERN-PH-EP-2015-084, LHCb-PAPER-2015-013}",
      SLACcitation   = "%%CITATION = ARXIV:1504.01568;%%",
      doi            = "10.1038/nphys3415",
      journal        = "Nature Physics",
      volume         = "11",
      pages          = "743",
}

@article{LHCb-PAPER-2015-012,
      author         = "Aaij, R. and others",
      title          = "{Search for the decay $B^0_s\to\overline{D}^0f_0(980)$}",
      collaboration  = "LHCb collaboration",
      year           = "2015",
      report         = "{LHCb-PAPER-2015-012, CERN-PH-EP-2015-086}",
      eprint         = "1505.01654",
      archivePrefix  = "arXiv",
      primaryClass   = "hep-ex",
      SLACcitation   = "%%CITATION = ARXIV:1505.01654;%%",
      journal        = "JHEP",
      volume         = "08",
      pages          = "005",
      doi            = "10.1007/JHEP08(2015)005",
}

@article{LHCb-PAPER-2015-011,
      author         = "Aaij, R. and others",
      title          = "{Measurement of the exclusive $\Upsilon(nS)$ production cross-section in $pp$ collisions at $\sqrt{s}=7$ TeV and 8 TeV}",
      collaboration  = "LHCb collaboration",
      year           = "2015",
      report         = "{LHCb-PAPER-2015-011, CERN-PH-EP-2015-123}",
      eprint         = "1505.08139",
      archivePrefix  = "arXiv",
      primaryClass   = "hep-ex",
      SLACcitation   = "%%CITATION = ARXIV:1505.08139;%%",
      journal        = "JHEP",
      volume         = "09",
      pages          = "084",
      doi            = "10.1007/JHEP09(2015)084",
}

@article{LHCb-PAPER-2015-010,
      author         = "Aaij, R. and others",
      title          = "{Observation of the decay $\overline{B}^0_s\to\psi(2S)K^+\pi^-$}",
      collaboration  = "LHCb collaboration",
      year           = "2015",
      eprint         = "1503.07112",
      archivePrefix  = "arXiv",
      primaryClass   = "hep-ex",
      report         = "CERN-PH-EP-2015-072, LHCb-PAPER-2015-010",
      SLACcitation   = "%%CITATION = ARXIV:1503.07112;%%",
      journal        = "Phys. Lett.",
      volume         = "B747",
      pages          = "484",
      doi            = "10.1016/j.physletb.2015.06.038",
}

@article{LHCb-PAPER-2015-009,
      author         = "Aaij, R. and others",
      title          = "{Differential branching fraction and angular anaysis of $\Lambda_b^0\to\Lambda\mu^+\mu^-$ decays}",
      collaboration  = "LHCb collaboration",
      year           = "2015",
      eprint         = "1503.07138",
      archivePrefix  = "arXiv",
      primaryClass   = "hep-ex",
      report         = "LHCb-PAPER-2015-009, CERN-PH-EP-2015-078",
      SLACcitation   = "%%CITATION = ARXIV:1503.07138;%%",
      journal        = "JHEP",
      volume         = "06",
      pages          = "115",
      doi            = "10.1007/JHEP06(2015)115",
}

@article{LHCb-PAPER-2015-008,
      author         = "Aaij, R. and others",
      title          = "{First observation and measurement of the branching fraction for the decay $B_s^0 \rightarrow D_s^{\ast\mp}K^\pm$}",
      collaboration  = "LHCb collaboration",
      year           = "2015",
      eprint         = "1503.09086",
      archivePrefix  = "arXiv",
      primaryClass   = "hep-ex",
      report         = "LHCb-PAPER-2015-008, CERN-PH-EP-2015-071",
      SLACcitation   = "%%CITATION = ARXIV:1503.09086;%%",
      journal        = "JHEP",
      volume         = "06",
      pages          = "130",
      doi            = "10.1007/JHEP06(2015)130",
}

@article{LHCb-PAPER-2015-007,
      author         = "Aaij, R. and others",
      title          = "{First observation and amplitude analysis of the $B^{-}\to D^{+}K^{-}\pi^{-}$ decay}",
      collaboration  = "LHCb collaboration",
      year           = "2015",
      journal        = "Phys. Rev.",
      volume         = "D91",
      pages          = "092002",
      doi            = "10.1103/PhysRevD.91.092002",
      eprint         = "1503.02995",
      archivePrefix  = "arXiv",
      primaryClass   = "hep-ex",
      report         = "CERN-PH-EP-2015-051, LHCb-PAPER-2015-007",
      SLACcitation   = "%%CITATION = ARXIV:1503.02995;%%",
}

@article{LHCb-PAPER-2015-006,
      author         = "Aaij, R. and others",
      title          = "{Observation of the ${B^0 \to \rho^0 \rho^0}$ decay from
                        an amplitude analysis of ${B^0 \to
                        (\pi^+\pi^-)(\pi^+\pi^-)}$ decays}",
      collaboration  = "LHCb collaboration",
      year           = "2015",
      eprint         = "1503.07770",
      archivePrefix  = "arXiv",
      primaryClass   = "hep-ex",
      report         = "LHCb-PAPER-2015-006, CERN-PH-EP-2015-077",
      SLACcitation   = "%%CITATION = ARXIV:1503.07770;%%",
      journal        = "Phys. Lett.",
      volume         = "B747",
      pages          = "468",
      doi            = "10.1016/j.physletb.2015.06.027",
}

@article{LHCb-PAPER-2015-005,
      author         = "Aaij, R. and others",
      title          = "{Measurement of the time-dependent $C\!P$ asymmetries in $B_s^0\to J/\psi K_S^0$}",
      collaboration  = "LHCb collaboration",
      year           = "2015",
      eprint         = "1503.07055",
      archivePrefix  = "arXiv",
      primaryClass   = "hep-ex",
      report         = "CERN-PH-EP-2015-064, LHCb-PAPER-2015-005",
      SLACcitation   = "%%CITATION = ARXIV:1503.07055;%%",
      journal        = "JHEP",
      volume         = "06",
      pages          = "131",
      doi            = "10.1007/JHEP06(2015)131",
}

@article{LHCb-PAPER-2015-004,
      author         = "Aaij, R. and others",
      title          = "{Measurement of $C\!P$ violation in $B^0 \to J/\psi K^0_S$ decays}",
      collaboration  = "LHCb collaboration",
      year           = "2015",
      eprint         = "1503.07089",
      archivePrefix  = "arXiv",
      primaryClass   = "hep-ex",
      report         = "LHCb-PAPER-2015-004, CERN-PH-EP-2015-076",
      SLACcitation   = "%%CITATION = ARXIV:1503.07089;%%",
      journal        = "Phys. Rev. Lett.",
      volume         = "115",
      pages          = "031601",
      doi            = "10.1103/PhysRevLett.115.031601",
}

@article{LHCb-PAPER-2015-003,
      author         = "Aaij, R. and others",
      title          = "{Measurement of $Z\to e^+e^-$ production at $\sqrt{s}=8$ TeV}",
      collaboration  = "LHCb collaboration",
      year           = "2015",
      journal        = "JHEP",
      volume         = "05",
      pages          = "109",
      doi            = "10.1007/JHEP05(2015)109",
      archivePrefix  = "arXiv",
      primaryClass   = "hep-ex",
      eprint         = "1503.00963",
      report         = "CERN-PH-EP-2015-045, LHCb-PAPER-2015-003",
      SLACcitation   = "%%CITATION = ARXIV:1503.00963;%%",
}

@article{LHCb-PAPER-2015-002,
      author         = "Aaij, R. and others",
      title          = "{Search for long-lived heavy charged particles using a ring imaging Cherenkov technique at LHCb}",
      collaboration  = "LHCb collaboration",
      year           = "2015",
      archivePrefix  = "arXiv",
      primaryClass   = "hep-ex",
      eprint         = "1506.09173",
      report         = "{LHCb-PAPER-2015-002 CERN-PH-EP-2105-139}",
      note           = "{to appear in JHEP}",
      SLACcitation   = "%%CITATION = ARXIV:1506.09173%%",
}

@article{LHCb-PAPER-2015-001,
      author         = "Aaij, R. and others",
      title          = "{Measurement of the forward $Z$ boson cross-section in $pp$ collisions at $\sqrt{s}=7$ TeV}",
      collaboration  = "LHCb collaboration",
      report         = "{LHCb-PAPER-2015-001, CERN-PH-EP-2015-102}",
      eprint         = "1505.07024",
      archivePrefix  = "arXiv",
      primaryClass   = "hep-ex",
      SLACcitation   = "%%CITATION = ARXIV:1505.01710;%%",
      journal        = "JHEP",
      volume         = "08",
      pages          = "039",
      doi            = "10.1007/JHEP08(2015)039",
      year           = "2015",
}

@article{LHCb-PAPER-2014-070,
      author         = "Aaij, R. and others",
      title          = "{Dalitz plot analysis of $B^0\to \overline{D}^0\pi^+\pi^-$ decays}",
      collaboration  = "LHCb collaboration",
      year           = "2015",
      report         = "{LHCb-PAPER-2014-070, CERN-PH-EP-2015-110}",
      eprint         = "1505.01710",
      archivePrefix  = "arXiv",
      primaryClass   = "hep-ex",
      SLACcitation   = "%%CITATION = ARXIV:1505.01710;%%",
      journal        = "Phys. Rev.",
      volume         = "D92",
      pages          = "032002",
      doi            = "10.1103/PhysRevD.92.032002",
}

@article{LHCb-PAPER-2014-069,
      author         = "Aaij, R. and others",
      title          = "{Measurement of indirect $C\!P$ asymmetries in $D^0\to K^-K^+$ and $D^0\to \pi^-\pi^+$ decays}",
      collaboration  = "LHCb collaboration",
      journal        = "JHEP",
      volume         = "04",
      pages          = "043",
      doi            = "10.1007/JHEP04(2015)043",
      year           = "2015",
      eprint         = "1501.06777",
      archivePrefix  = "arXiv",
      primaryClass   = "hep-ex",
      report         = "LHCb-PAPER-2014-069, CERN-PH-EP-2015-008",
      SLACcitation   = "%%CITATION = ARXIV:1501.06777;%%",
}

@article{LHCb-PAPER-2014-068,
      author         = "Aaij, R. and others",
      title          = "{Measurement of $C\!P$ asymmetries and polarisation fractions in $B_s^0\to K^{*0} \overline{K}^{*0}$ decays}",
      collaboration  = "LHCb collaboration",
      year           = "2015",
      eprint         = "1503.05362",
      archivePrefix  = "arXiv",
      primaryClass   = "hep-ex",
      report         = "LHCb-PAPER-2014-068, CERN-PH-EP-2015-058",
      SLACcitation   = "%%CITATION = ARXIV:1503.05362;%%",
      journal        = "JHEP",
      volume         = "07",
      pages          = "166",
      doi            = "10.1007/JHEP07(2015)166",
}

@article{LHCb-PAPER-2014-067,
      author         = "Aaij, R. and others",
      title          = "{Precise measurements of the properties of the $B_1(5721)^{0,+}$ and $B^*_2(5747)^{0,+}$ states and observation of structure at higher invariant mass in the $B^+\pi^-$ and $B^0\pi^+$ spectra}",
      year           = "2015",
      eprint         = "1502.02638",
      archivePrefix  = "arXiv",
      primaryClass   = "hep-ex",
      report         = "LHCb-PAPER-2014-067, CERN-PH-EP-2015-021",
      SLACcitation   = "%%CITATION = ARXIV:1502.02638;%%",
      collaboration  = "LHCb collaboration",
      journal        = "JHEP",
      volume         = "04",
      pages          = "024",
      doi            = "10.1007/JHEP04(2015)024",
}

@article{LHCb-PAPER-2014-066,
      author         = "Aaij, R. and others",
      title          = "{Angular analysis of the $B^0\to K^{*0}e^+e^-$ decay in the low-$q^2$ region}",
      collaboration  = "LHCb collaboration",
      eprint         = "1501.03038",
      archivePrefix  = "arXiv",
      primaryClass   = "hep-ex",
      journal        = "JHEP",
      volume         = "04",
      pages          = "024",
      doi            = "10.1007/JHEP04(2015)024",
      year           = "2015",
      report         = "LHCb-PAPER-2014-066, CERN-PH-EP-2014-301",
      SLACcitation   = "%%CITATION = ARXIV:1501.03038;%%",
}

@article{LHCb-PAPER-2014-065,
      author         = "Aaij, R. and others",
      title          = "{Observation of the $B^0_s\to\eta'\eta'$ decay}",
      collaboration  = "LHCb collaboration",
      eprint         = "1503.07483",
      archivePrefix  = "arXiv",
      primaryClass   = "hep-ex",
      report         = "{LHCb-PAPER-2014-065, CERN-PH-EP-2015-073}",
      SLACcitation   = "%%CITATION = ARXIV:1503.07483;%%",
      journal        = "Phys. Rev. Lett.",
      volume         = "115",
      pages          = "051801",
      doi            = "10.1103/PhysRevLett.115.051801",
      year           = "2015",
}

@article{LHCb-PAPER-2014-064,
      author         = "Aaij, R. and others",
      title          = "{Determination of the branching fractions of $B^0_s \to D_s^\mp K^\pm$ and $B^0 \to D_s^- K^+$}",
      collaboration  = "LHCb collaboration",
      eprint         = "1412.7654",
      archivePrefix  = "arXiv",
      primaryClass   = "hep-ex",
      report         = "{LHCb-PAPER-2014-064, CERN-PH-EP-2014-297}",
      SLACcitation   = "%%CITATION = ARXIV:1412.7654;%%",
      journal        = "JHEP",
      volume         = "02",
      pages          = "029",
      doi            = "10.1007/JHEP05(2015)019",
      year           = "2015",
}

@article{LHCb-PAPER-2014-063,
      author         = "Aaij, R. and others",
      title          = "{Study of the rare $B_s^0$ and $B^0$ decays into the
                        $\pi^+\pi^-\mu^+\mu^-$ final state}",
      collaboration  = "LHCb collaboration",
      journal        = "Phys. Lett.",
      volume         = "B743",
      pages          = "46",
      doi            = "10.1016/j.physletb.2015.02.010",
      year           = "2015",
      eprint         = "1412.6433",
      archivePrefix  = "arXiv",
      primaryClass   = "hep-ex",
      report         = "CERN-PH-EP-2014-296, LHCb-PAPER-2014-063",
      SLACcitation   = "%%CITATION = ARXIV:1412.6433;%%",
}

@article{LHCb-PAPER-2014-062,
      author         = "Aaij, R. and others",
      title          = "{Search for long-lived particles decaying to jet pairs}",
      collaboration  = "LHCb collaboration",
      journal        = "Eur. Phys. J.",
      volume         = "C75",
      pages          = "152",
      doi            = "10.1140/epjc/s10052-015-3344-6",
      eprint         = "1412.3021",
      archivePrefix  = "arXiv",
      primaryClass   = "hep-ex",
      year           = "2014",
      report         = "LHCb-PAPER-2014-062, CERN-PH-EP-2014-291",
      SLACcitation   = "%%CITATION = ARXIV:1412.3021;%%",
}

@article{LHCb-PAPER-2014-061,
      author         = "Aaij, R. and others",
      title          = "{Observation of two new $\Xi_b^-$ baryon resonances}",
      collaboration  = "LHCb collaboration",
      journal        = "Phys. Rev. Lett.",
      volume         = "114",
      pages          = "062004",
      doi            = "10.1103/PhysRevLett.114.062004",
      year           = "2015",
      eprint         = "1411.4849",
      archivePrefix  = "arXiv",
      primaryClass   = "hep-ex",
      report         = "CERN-PH-EP-2014-279, LHCb-PAPER-2014-061",
      SLACcitation   = "%%CITATION = ARXIV:1411.4849;%%",
}

@article{LHCb-PAPER-2014-060,
      author         = "Aaij, R. and others",
      title          = "{Measurement of the lifetime of the $B_c^+$ meson using
                        the $B_c^+ \to J/\psi\pi^+$ decay mode}",
      collaboration  = "LHCb collaboration",
      journal        = "Phys. Lett.",
      volume         = "B742",
      pages          = "29",
      doi            = "10.1016/j.physletb.2015.01.010",
      year           = "2015",
      eprint         = "1411.6899",
      archivePrefix  = "arXiv",
      primaryClass   = "hep-ex",
      report         = "CERN-PH-EP-2014-283, LHCb-PAPER-2014-060",
      SLACcitation   = "%%CITATION = ARXIV:1411.6899;%%",
}

@article{LHCb-PAPER-2014-059,
      author         = "Aaij, R. and others",
      title          = "{Precision measurement of $C\!P$ violation in $B_s^0 \to J/\psi K^+K^-$ decays}",
      collaboration  = "LHCb collaboration",
      journal        = "Phys. Rev. Lett.",
      volume         = "114",
      pages          = "041801",
      doi            = "10.1103/PhysRevLett.114.041801",
      year           = "2015",
      eprint         = "1411.3104",
      archivePrefix  = "arXiv",
      primaryClass   = "hep-ex",
      report         = "LHCb-PAPER-2014-059, CERN-PH-EP-2014-271",
      SLACcitation   = "%%CITATION = ARXIV:1411.3104;%%",
}

@article{LHCb-PAPER-2014-058,
      author         = "Aaij, R. and others",
      title          = "{Measurement of the $C\!P$-violating phase $\beta$ in $\overline{B}^0 \to J/\psi \pi^+\pi^-$ decays and limits on penguin effects}",
      collaboration  = "LHCb collaboration",
      journal        = "Phys. Lett.",
      volume         = "B742",
      pages          = "38",
      doi            = "10.1016/j.physletb.2015.01.008",
      year           = "2015",
      eprint         = "1411.1634",
      archivePrefix  = "arXiv",
      primaryClass   = "hep-ex",
      report         = "CERN-PH-EP-2014-268, LHCb-PAPER-2014-058",
      SLACcitation   = "%%CITATION = ARXIV:1411.1634;%%",
}

@article{LHCb-PAPER-2014-057,
      author         = "Aaij, R. and others",
      title          = "{Measurement of the inelastic $pp$ cross-section at a centre-of-mass energy of $\sqrt{s}=7$ TeV}",
      collaboration  = "LHCb collaboration",
      journal        = "JHEP",
      volume         = "02",
      pages          = "029",
      doi            = "10.1007/JHEP02(2015)129",
      year           = "2014",
      eprint         = "1412.2500",
      archivePrefix  = "arXiv",
      primaryClass   = "hep-ex",
      report         = "{CERN-PH-EP-2014-285, LHCb-PAPER-2014-057}",
      SLACcitation   = "%%CITATION = ARXIV:1412.2500;%%",
}

@article{LHCb-PAPER-2014-056,
      author         = "Aaij, R. and others",
      title          = "{Study of $\eta$--$\eta^{\prime}$ mixing from measurement of
                        $B^0_{(s)} \to J/\psi \eta^{(\prime)}$ decay rates}",
      collaboration  = "LHCb collaboration",
      journal        = "JHEP",
      volume         = "01",
      pages          = "024",
      doi            = "10.1007/JHEP01(2015)024",
      year           = "2015",
      eprint         = "1411.0943",
      archivePrefix  = "arXiv",
      primaryClass   = "hep-ex",
      report         = "CERN-PH-EP-2014-266, LHCb-PAPER-2014-056",
      SLACcitation   = "%%CITATION = ARXIV:1411.0943;%%",
}

@article{LHCb-PAPER-2014-055,
      author         = "Aaij, R. and others",
      title          = "{Measurement of the $Z$+$b$-jet cross-section in $pp$ collisions at $\sqrt{s} = 7$ TeV in the forward region}",
      collaboration  = "LHCb collaboration",
      journal        = "JHEP",
      volume         = "01",
      pages          = "064",
      doi            = "10.1007/JHEP01(2015)064",
      year           = "2015",
      eprint         = "1411.1264",
      archivePrefix  = "arXiv",
      primaryClass   = "hep-ex",
      report         = "LHCb-PAPER-2014-055, CERN-PH-EP-2014-267",
      SLACcitation   = "%%CITATION = ARXIV:1411.1264;%%",
}

@article{LHCb-PAPER-2014-054,
      author         = "Aaij, R. and others",
      title          = "{Search for $C\!P$ violation in $D^0\to\pi^-\pi^+\pi^0$
                        decays with the energy test}",
      collaboration  = "LHCb collaboration",
      journal        = "Phys. Lett.",
      volume         = "B740",
      pages          = "158",
      doi            = "10.1016/j.physletb.2014.11.043",
      year           = "2015",
      eprint         = "1410.4170",
      archivePrefix  = "arXiv",
      primaryClass   = "hep-ex",
      report         = "CERN-PH-EP-2014-251, LHCb-PAPER-2014-054",
      SLACcitation   = "%%CITATION = ARXIV:1410.4170;%%",
}

@article{LHCb-PAPER-2014-053,
      author         = "Aaij, R. and others",
      title          = "{Measurement of the semileptonic $C\!P$ asymmetry in
                        $B^0$--$\overline{B}^0$ mixing}",
      collaboration  = "LHCb collaboration",
      journal        = "Phys. Rev. Lett.",
      volume         = "114",
      pages          = "041601",
      doi            = "10.1103/PhysRevLett.114.041601",
      year           = "2015",
      eprint         = "1409.8586",
      archivePrefix  = "arXiv",
      primaryClass   = "hep-ex",
      report         = "CERN-PH-EP-2014-237, LHCb-PAPER-2014-053",
      SLACcitation   = "%%CITATION = ARXIV:1409.8586;%%",
}

@article{LHCb-PAPER-2014-052,
      author         = "Aaij, R. and others",
      title          = "{Search for the lepton flavour violating decay $\tau^-\to \mu^-\mu^+\mu^-$}",
      collaboration  = "LHCb collaboration",
      journal        = "JHEP",
      volume         = "02",
      pages          = "121",
      doi            = "10.1007/JHEP10(2015)121",
      year           = "2015",
      eprint         = "1409.8548",
      archivePrefix  = "arXiv",
      primaryClass   = "hep-ex",
      report         = "LHCb-PAPER-2014-052, CERN-PH-EP-2014-236",
      SLACcitation   = "%%CITATION = ARXIV:1409.8548;%%",
}

@article{LHCb-PAPER-2014-051,
      author         = "Aaij, R. and others",
      title          = "{Measurement of the $C\!P$-violating phase $\phi_s$ in
                        $\overline{B}^{0}_{s}\to D_{s}^{+}D_{s}^{-}$ decays}",
      collaboration  = "LHCb collaboration",
      journal        = "Phys. Rev. Lett.",
      volume         = "113",
      pages          = "211801",
      doi            = "10.1103/PhysRevLett.113.211801",
      year           = "2014",
      eprint         = "1409.4619",
      archivePrefix  = "arXiv",
      primaryClass   = "hep-ex",
      report         = "LHCb-PAPER-2014-051, CERN-PH-EP-2014-223",
      SLACcitation   = "%%CITATION = ARXIV:1409.4619;%%",
}

@article{LHCb-PAPER-2014-050,
      author         = "Aaij, R. and others",
      title          = "{Measurement of $B_c^+$ production at $\sqrt{s}=8$ TeV}",
      collaboration  = "LHCb collaboration",
      journal        = "Phys. Rev. Lett.",
      volume         = "114",
      pages          = "132001",
      doi            = "10.1103/PhysRevLett.114.132001",
      year           = "2014",
      eprint         = "1411.2943",
      archivePrefix  = "arXiv",
      primaryClass   = "hep-ex",
      report         = "CERN-PH-EP-2014-269, LHCb-PAPER-2014-050",
      SLACcitation   = "%%CITATION = ARXIV:1411.2943;%%",
}

@article{LHCb-PAPER-2014-049,
      author         = "Khachatryan, V. and others",
      title          = "{Observation of the rare $B_s^0 \to \mu^+\mu^-$ decay from the combined analysis of CMS and LHCb data}",
      collaboration  = "CMS and LHCb collaborations",
      eprint         = "1411.4413",
      archivePrefix  = "arXiv",
      primaryClass   = "hep-ex",
      report         = "{CERN-PH-EP-2014-220, CMS-BPH-13-007, LHCb-PAPER-2014-049}",
      SLACcitation   = "%%CITATION = ARXIV:1411.4413;%%",
      doi            = "10.1038/nature14474",
      journal        = "Nature",
      volume         = "522",
      pages          = "68",
      year           = "2015",
}

@article{LHCb-PAPER-2014-048,
      author         = "Aaij, R. and others",
      title          = "{Precision measurement of the mass and lifetime of the $\Xi_b^-$ baryon}",
      collaboration  = "LHCb collaboration",
      journal        = "Phys. Rev. Lett.",
      volume         = "113",
      pages          = "242002",
      doi            = "10.1103/PhysRevLett.113.242002",
      year           = "2014",
      eprint         = "1409.8568",
      archivePrefix  = "arXiv",
      primaryClass   = "hep-ex",
      report         = "LHCb-PAPER-2014-048, CERN-PH-EP-2014-226",
      SLACcitation   = "%%CITATION = ARXIV:1409.8568;%%",
}

@article{LHCb-PAPER-2014-047,
      author         = "Aaij, R. and others",
      title          = "{Precision luminosity measurements at LHCb}",
      collaboration  = "LHCb collaboration",
      journal        = "JINST",
      volume         = "9",
      pages          = "P12005",
      doi            = "10.1088/1748-0221/9/12/P12005",
      year           = "2014",
      eprint         = "1410.0149",
      archivePrefix  = "arXiv",
      primaryClass   = "hep-ex",
      report         = "LHCb-PAPER-2014-047, CERN-PH-EP-2014-221",
      SLACcitation   = "%%CITATION = ARXIV:1410.0149;%%",
}

@article{LHCb-PAPER-2014-046,
      author         = "Aaij, R. and others",
      title          = "{Search for $C\!P$ violation using $T$-odd correlations in $D^0 \to K^+K^-\pi^+\pi^-$ decays}",
      collaboration  = "LHCb collaboration",
      journal        = "JHEP",
      volume         = "10",
      pages          = "005",
      doi            = "10.1007/JHEP10(2014)005",
      year           = "2014",
      eprint         = "1408.1299",
      archivePrefix  = "arXiv",
      primaryClass   = "hep-ex",
      report         = "CERN-PH-EP-2014-194, LHCb-PAPER-2014-046",
      SLACcitation   = "%%CITATION = ARXIV:1408.1299;%%",
}

@article{LHCb-PAPER-2014-045,
      author         = "Aaij, R. and others",
      title          = "{Determination of $\gamma$ and $-2\beta_s$ from charmless two-body decays of beauty mesons}",
      collaboration  = "LHCb collaboration",
      journal        = "Phys. Lett.",
      volume         = "B739",
      pages          = "1",
      doi            = "10.1016/j.physletb.2014.12.015",
      year           = "2014",
      eprint         = "1408.4368",
      archivePrefix  = "arXiv",
      primaryClass   = "hep-ex",
      report         = "CERN-PH-EP-2014-207, LHCb-PAPER-2014-045",
      SLACcitation   = "%%CITATION = ARXIV:1408.4368;%%",
}

@article{LHCb-PAPER-2014-044,
      author         = "Aaij, R. and others",
      title          = "{Measurement of $C\!P$ violation in the three-body phase space of charmless $B^\pm$ decays}",
      collaboration  = "LHCb collaboration",
      journal        = "Phys. Rev.",
      volume         = "D90",
      pages          = "112004",
      doi            = "10.1103/PhysRevD.90.112004",
      year           = "2014",
      eprint         = "1408.5373",
      archivePrefix  = "arXiv",
      primaryClass   = "hep-ex",
      report         = "CERN-PH-EP-2014-203, LHCb-PAPER-2014-044",
      SLACcitation   = "%%CITATION = ARXIV:1408.5373;%%",
}

@article{LHCb-PAPER-2014-043,
      author         = "Aaij, R. and others",
      title          = "{Observation of  $B^0_s \to K^{*\pm}K^\mp$ and evidence of $B^0_s \to K^{*-}\pi^+$ decays}",
      collaboration  = "LHCb collaboration",
      journal        = "New J. Phys.",
      volume         = "16",
      pages          = "123001",
      doi            = "10.1088/1367-2630/16/12/123001",
      year           = "2014",
      eprint         = "1407.7704",
      archivePrefix  = "arXiv",
      primaryClass   = "hep-ex",
      report         = "CERN-PH-EP-2014-185, LHCb-PAPER-2014-043",
      SLACcitation   = "%%CITATION = ARXIV:1407.7704;%%",
}

@article{LHCb-PAPER-2014-042,
      author         = "Aaij, R. and others",
      title          = "{Measurement of the $\overline{B}^0$--$B^0$ and $\overline{B}^0_s$--$B^0_s$ production asymmetries in $pp$ collisions at $\sqrt{s}=7$ TeV}",
      collaboration  = "LHCb collaboration",
      journal        = "Phys. Lett.",
      volume         = "B739",
      pages          = "218",
      doi            = "10.1016/j.physletb.2014.10.005",
      year           = "2014",
      eprint         = "1408.0275",
      archivePrefix  = "arXiv",
      primaryClass   = "hep-ex",
      report         = "CERN-PH-EP-2014-181, LHCb-PAPER-2014-042",
      SLACcitation   = "%%CITATION = ARXIV:1408.0275;%%",
}

@article{LHCb-PAPER-2014-041,
      author         = "Aaij, R. and others",
      title          = "{Measurement of the CKM angle $\gamma$ using $B^\pm \to D K^\pm$ with $D \to K_S^0\pi^+\pi^-$, $K_S^0K^+K^-$ decays}",
      collaboration  = "LHCb collaboration",
      journal        = "JHEP",
      volume         = "10",
      pages          = "097",
      doi            = "10.1007/JHEP10(2014)097",
      year           = "2014",
      eprint         = "1408.2748",
      archivePrefix  = "arXiv",
      primaryClass   = "hep-ex",
      report         = "LHCb-PAPER-2014-041, CERN-PH-EP-2014-202",
      SLACcitation   = "%%CITATION = ARXIV:1408.2748;%%",
}

@article{LHCb-PAPER-2014-040,
      author         = "Aaij, R. and others",
      title          = "{Measurement of the $\chi_b(3P)$ mass and of the relative rate of $\chi_{b1}(1P)$ and $\chi_{b2}(1P)$ production}",
      collaboration  = "LHCb collaboration",
      journal        = "JHEP",
      volume         = "10",
      pages          = "088",
      doi            = "10.1007/JHEP10(2014)088",
      year           = "2014",
      eprint         = "1409.1408",
      archivePrefix  = "arXiv",
      primaryClass   = "hep-ex",
      report         = "LHCb-PAPER-2014-040-CERN_PH_EP_2014_206",
      SLACcitation   = "%%CITATION = ARXIV:1409.1408;%%",
}

@article{LHCb-PAPER-2014-039,
      author         = "Aaij, R. and others",
      title          = "{First observation of a baryonic $B_c^+$ decay}",
      collaboration  = "LHCb collaboration",
      journal        = "Phys. Rev. Lett.",
      volume         = "113",
      pages          = "152003",
      doi            = "10.1103/PhysRevLett.113.152003",
      year           = "2014",
      eprint         = "1408.0971",
      archivePrefix  = "arXiv",
      primaryClass   = "hep-ex",
      report         = "CERN-PH-EP-2014-187, LHCb-PAPER-2014-039",
      SLACcitation   = "%%CITATION = ARXIV:1408.0971;%%",
}

@article{LHCb-PAPER-2014-038,
      author         = "Aaij, R. and others",
      title          = "{Measurement of $C\!P$ asymmetry in $B^0_s \to D^\mp_s K^\pm$ decays}",
      collaboration  = "LHCb collaboration",
      journal        = "JHEP",
      volume         = "11",
      pages          = "060",
      doi            = "10.1007/JHEP11(2014)060",
      year           = "2014",
      eprint         = "1407.6127",
      archivePrefix  = "arXiv",
      primaryClass   = "hep-ex",
      report         = "LHCb-PAPER-2014-038, CERN-PH-EP-2014-168",
      SLACcitation   = "%%CITATION = ARXIV:1407.6127;%%",
}

@article{LHCb-PAPER-2014-037,
      author         = "Aaij, R. and others",
      title          = "{Measurement of the $\overline{B}_s^0$ meson lifetime in $D_s^+\pi^-$ decays}",
      collaboration  = "LHCb collaboration", 
      journal        = "Phys. Rev. Lett.",
      volume         = "113",
      pages          = "172001",
      doi            = "10.1103/PhysRevLett.113.172001",
      year           = "2014",
      eprint         = "1407.5873",
      archivePrefix  = "arXiv",
      primaryClass   = "hep-ex",
      report         = "CERN-PH-EP-2014-165, LHCb-PAPER-2014-037",
      SLACcitation   = "%%CITATION = ARXIV:1407.5873;%%",
}

@article{LHCb-PAPER-2014-036,
      author         = "Aaij, R. and others",
      title          = "{Dalitz plot analysis of $B^0_s\to\overline{D}^0K^-\pi^+$ decays}",
      collaboration  = "LHCb collaboration",
      journal        = "Phys. Rev.",
      volume         = "D90",
      pages          = "072003",
      doi            = "10.1103/PhysRevD.90.072003",
      year           = "2014",
      eprint         = "1407.7712",
      archivePrefix  = "arXiv",
      primaryClass   = "hep-ex",
      report         = "LHCb-PAPER-2014-036, CERN-PH-EP-2014-184",
      SLACcitation   = "%%CITATION = ARXIV:1407.7712;%%",
}

@article{LHCb-PAPER-2014-035,
      author         = "Aaij, R. and others",
      title          = "{Observation of overlapping spin-$1$ and spin-$3$ $\overline{D}^0 K^-$ resonances at mass $2.86$~GeV/$c^2$}",
      collaboration  = "LHCb collaboration",
      journal        = "Phys. Rev. Lett.",
      volume         = "113",
      pages          = "162001",
      doi            = "10.1103/PhysRevLett.113.162001",
      year           = "2014",
      eprint         = "1407.7574",
      archivePrefix  = "arXiv",
      primaryClass   = "hep-ex",
      report         = "LHCb-PAPER-2014-035, CERN-PH-EP-2014-183",
      SLACcitation   = "%%CITATION = ARXIV:1407.7574;%%",
}

@article{LHCb-PAPER-2014-034,
      author         = "Aaij, R. and others",
      title          = "{Evidence for $C\!P$ violation in $B^+ \to p\overline{p}K^+$ decays}",
      collaboration  = "LHCb collaboration",
      year           = "2014",
      journal        = "Phys. Rev. Lett.",
      volume         = "113",
      pages          = "141801",
      doi            = "10.1103/PhysRevLett.113.141801",
      eprint         = "1407.5907",
      archivePrefix  = "arXiv",
      primaryClass   = "hep-ex",
      report         = "LHCb-PAPER-2014-034, CERN-PH-EP-2014-173",
      SLACcitation   = "%%CITATION = ARXIV:1407.5907;%%",
}

@article{LHCb-PAPER-2014-033,
      author         = "Aaij, R. and others",
      title          = "{Measurement of the forward $W$ boson production cross-section in $pp$ collisions at $\sqrt{s}=7$ TeV}",
      collaboration  = "LHCb collaboration",
      journal        = "JHEP",
      volume         = "12",
      pages          = "079",
      doi            = "10.1007/JHEP12(2014)079",
      year           = "2014",
      eprint         = "1408.4354",
      archivePrefix  = "arXiv",
      primaryClass   = "hep-ex",
      report         = "LHCb-PAPER-2014-033, CERN-PH-EP-2014-175",
      SLACcitation   = "%%CITATION = ARXIV:1408.4354;%%",
}

@article{LHCb-PAPER-2014-032,
      author         = "Aaij, R. and others",
      title          = "{Measurement of $C\!P$ asymmetries in the decays $B^0 \to K^{*0}\mu^+\mu^-$ and $B^+ \to K^+\mu^+\mu^-$}",
      collaboration  = "LHCb collaboration",
      journal        = "JHEP",
      volume         = "09",
      pages          = "177",
      doi            = "10.1007/JHEP09(2014)177",
      year           = "2014",
      eprint         = "1408.0978",
      archivePrefix  = "arXiv",
      primaryClass   = "hep-ex",
      report         = "CERN-PH-EP-2014-191, LHCb-PAPER-2014-032",
      SLACcitation   = "%%CITATION = ARXIV:1408.0978;%%",
}

@article{LHCb-PAPER-2014-031,
      author         = "Aaij, R. and others",
      title          = "{Study of $\chi_b$ meson production in $pp$ collisions at
                        $\sqrt{s}$=7 and 8 TeV and observation of the decay
                        $\chi_b \to \Upsilon(3S)\gamma$}",
      collaboration  = "LHCb collaboration",
      journal        = "Eur. Phys. J.",
      volume         = "C74",
      pages          = "3092",
      doi            = "10.1007/JHEP11(2014)060",
      year           = "2014",
      eprint         = "1407.7734",
      archivePrefix  = "arXiv",
      primaryClass   = "hep-ex",
      report         = "CERN-PH-EP-2014-178, LHCb-PAPER-2014-031",
      SLACcitation   = "%%CITATION = ARXIV:1407.7734;%%",
}

@article{LHCb-PAPER-2014-030,
      author         = "Aaij, R. and others",
      title          = "{First observations of the rare decays $B^+ \to K^+\pi^+\pi^-\mu^+\mu^-$ and $B^+ \to \phi K^+ \mu^+ \mu^-$}",
      collaboration  = "LHCb collaboration",
      journal        = "JHEP",
      volume         = "10",
      pages          = "064",
      doi            = "10.1007/JHEP10(2014)064",
      year           = "2014",
      eprint         = "1408.1137",
      archivePrefix  = "arXiv",
      primaryClass   = "hep-ex",
      report         = "LHCb-PAPER-2014-030, CERN-PH-EP-2014-193",
      SLACcitation   = "%%CITATION = ARXIV:1408.1137;%%",
}

@article{LHCb-PAPER-2014-029,
      author         = "Aaij, R. and others",
      title          = "{Measurement of the $\eta_c (1S)$ production
                        cross-section in proton-proton collisions via the decay
                        $\eta_c (1S) \to p \overline{p}$}",
      collaboration  = "LHCb collaboration",
      year           = "2015",
      eprint         = "1409.3612",
      archivePrefix  = "arXiv",
      primaryClass   = "hep-ex",
      report         = "LHCb-PAPER-2014-029, CERN-PH-EP-2014-218",
      SLACcitation   = "%%CITATION = ARXIV:1409.3612;%%",
      journal        = "Eur. Phys. J.",
      volume         = "C75",
      pages          = "311",
      doi            = "10.1140/epjc/s10052-015-3502-x",
}

@article{LHCb-PAPER-2014-028,
      author         = "Aaij, R. and others",
      title          = "{Measurement of $C\!P$ violation parameters in $B^0\to DK^{*0}$ decays}",
      collaboration  = "LHCb collaboration",
      journal        = "Phys. Rev.",
      volume         = "D90",
      pages          = "112002",
      doi            = "10.1103/PhysRevD.90.112002",
      year           = "2014",
      eprint         = "1407.8136",
      archivePrefix  = "arXiv",
      primaryClass   = "hep-ex",
      report         = "LHCb-PAPER-2014-028, CERN-PH-EP-2014-182",
      SLACcitation   = "%%CITATION = ARXIV:1407.8136;%%",
}

@article{LHCb-PAPER-2014-027,
      author         = "Aaij, R. and others",
      title          = "{Observation of charmonium pairs produced exclusively in $pp$ collisions}",
      collaboration  = "LHCb collaboration",
      journal        = "J. Phys.",
      volume         = "G41",
      pages          = "115002",
      doi            = "10.1088/0954-3899/41/11/115002",
      year           = "2014",
      eprint         = "1407.5973",
      archivePrefix  = "arXiv",
      primaryClass   = "hep-ex",
      report         = "CERN-PH-EP-2014-174-LHCb-PAPER-2014-027",
      SLACcitation   = "%%CITATION = ARXIV:1407.5973;%%",
}

@article{LHCb-PAPER-2014-026,
      author         = "Aaij, R. and others",
      title          = "{Measurement of $C\!P$ violation in $B_s^0 \to \phi \phi$ decays}",
      collaboration  = "LHCb collaboration",
      journal        = "Phys. Rev.",
      volume         = "D90",
      pages          = "052011",
      doi            = "10.1103/PhysRevD.90.052011",
      year           = "2014",
      eprint         = "1407.2222",
      archivePrefix  = "arXiv",
      primaryClass   = "hep-ex",
      report         = "CERN-PH-EP-2014-150, LHCb-PAPER-2014-026",
      SLACcitation   = "%%CITATION = ARXIV:1407.2222;%%",
}

@article{LHCb-PAPER-2014-025,
      author         = "Aaij, R. and others",
      title          = "{Measurement of the ratio of $B_c^+$ branching fractions to $J/\psi\pi^+$ and $J/\psi\mu^+\nu_\mu$}",
      collaboration  = "LHCb collaboration",
      year           = "2014",
      journal        = "Phys. Rev.",
      volume         = "D90",
      pages          = "032009",
      doi            = "10.1103/PhysRevD.90.032009",
      eprint         = "1407.2126",
      archivePrefix  = "arXiv",
      primaryClass   = "hep-ex",
      report         = "LHCb-PAPER-2014-025, CERN-PH-EP-2014-163",
      SLACcitation   = "%%CITATION = ARXIV:1407.2126;%%",
}

@article{LHCb-PAPER-2014-024,
      author         = "Aaij, R. and others",
      title          = "{Test of lepton universality using $B^+\to K^+\ell^+\ell^-$ decays}",
      collaboration  = "LHCb collaboration",
      journal        = "Phys. Rev. Lett.",
      volume         = "113",
      pages          = "151601",
      doi            = "10.1103/PhysRevLett.113.151601",
      year           = "2014",
      eprint         = "1406.6482",
      archivePrefix  = "arXiv",
      primaryClass   = "hep-ex",
      report         = "LHCb-PAPER-2014-024, CERN-PH-EP-2014-140",
      SLACcitation   = "%%CITATION = ARXIV:1406.6482;%%",
}

@article{LHCb-PAPER-2014-023,
      author         = "Aaij, R. and others",
      title          = "{First measurement of the charge asymmetry in beauty-quark pair production}",
      collaboration  = "LHCb collaboration",
      journal        = "Phys. Rev. Lett.",
      volume         = "113",
      pages          = "082003",
      doi            = "10.1103/PhysRevLett.113.082003",
      year           = "2014",
      eprint         = "1406.4789",
      archivePrefix  = "arXiv",
      primaryClass   = "hep-ex",
      report         = "CERN-PH-EP-2014-130, LHCb-PAPER-2014-023",
      SLACcitation   = "%%CITATION = ARXIV:1406.4789;%%",
}

@article{LHCb-PAPER-2014-022,
      author         = "Aaij, R. and others",
      title          = "{Observation of $Z$ production in proton-lead collisions at LHCb}",
      collaboration  = "LHCb collaboration",
      journal        = "JHEP",
      volume         = "09",
      pages          = "030",
      doi            = "10.1007/JHEP09(2014)030",
      year           = "2014",
      eprint         = "1406.2885",
      archivePrefix  = "arXiv",
      primaryClass   = "hep-ex",
      report         = "CERN-PH-EP-2014-126, LHCb-PAPER-2014-022",
      SLACcitation   = "%%CITATION = ARXIV:1406.2885;%%",
}

@article{LHCb-PAPER-2014-021,
      author         = "Aaij, R. and others",
      title          = "{Precision measurement of the mass and lifetime of the
                        $\Xi_b^0$ baryon}",
      collaboration  = "LHCb collaboration",
      journal        = "Phys. Rev. Lett.",
      volume         = "113",
      pages          = "032001",
      doi            = "10.1103/PhysRevLett.113.032001",
      year           = "2014",
      eprint         = "1405.7223",
      archivePrefix  = "arXiv",
      primaryClass   = "hep-ex",
      report         = "LHCb-PAPER-2014-021, CERN-PH-EP-2014-107",
      SLACcitation   = "%%CITATION = ARXIV:1405.7223;%%",
}

@article{LHCb-PAPER-2014-020,
      author         = "Aaij, R. and others",
      title          = "{Observation of the $\Lambda_b^0 \to J/\psi p \pi^-$ decay}",
      collaboration  = "LHCb collaboration",
      journal        = "JHEP",
      volume         = "07",
      pages          = "103",
      doi            = "10.1007/JHEP07(2014)103",
      year           = "2014",
      eprint         = "1406.0755",
      archivePrefix  = "arXiv",
      primaryClass   = "hep-ex",
      report         = "LHCb-PAPER-2014-020, LHCb-PAPER-2014-115",
      SLACcitation   = "%%CITATION = ARXIV:1406.0755;%%",
}

@article{LHCb-PAPER-2014-019,
      author         = "Aaij, R. and others",
      title          = "{Measurement of the $C\!P$-violating phase $\phi_s$ in $\overline{B}^0_s\to J/\psi\pi^+\pi^-$ decays}",
      collaboration  = "LHCb collaboration",
      journal        = "Phys. Lett.",
      volume         = "B736",
      pages          = "186",
      doi            = "10.1016/j.physletb.2014.06.079",
      year           = "2014",
      eprint         = "1405.4140",
      archivePrefix  = "arXiv",
      primaryClass   = "hep-ex",
      report         = "CERN-PH-EP-2014-089, LHCb-PAPER-2014-019",
      SLACcitation   = "%%CITATION = ARXIV:1405.4140;%%",
}

@article{LHCb-PAPER-2014-018,
      author         = "Aaij, R. and others",
      title          = "{Search for $C\!P$ violation in $D^\pm\to K^0_S K^\pm$ and $D_s^\pm\to K^0_S\pi^\pm$ decays}",
      collaboration  = "LHCb collaboration",
      journal        = "JHEP",
      volume         = "10",
      pages          = "025",
      doi            = "10.1007/JHEP10(2014)025",
      year           = "2014",
      eprint         = "1406.2624",
      archivePrefix  = "arXiv",
      primaryClass   = "hep-ex",
      report         = "CERN-PH-EP-2014-125-LHCb-PAPER-2014-018",
      SLACcitation   = "%%CITATION = ARXIV:1406.2624;%%",
}

@article{LHCb-PAPER-2014-017,
      author         = "Aaij, R. and others",
      title          = "{Measurement of $C\!P$ violation and constraints on the CKM angle $\gamma$ in $B^\pm \to D K^\pm$ with $D \to K_S^0\pi^+\pi^-$ decays}",
      collaboration  = "LHCb collaboration",
      journal        = "Nucl. Phys.",
      volume         = "B888",
      pages          = "169",
      doi            = "10.1016/j.nuclphysb.2014.09.015",
      year           = "2014",
      eprint         = "1407.6211",
      archivePrefix  = "arXiv",
      primaryClass   = "hep-ex",
      report         = "LHCb-PAPER-2014-017, CERN-PH-EP-2014-166",
      SLACcitation   = "%%CITATION = ARXIV:1407.6211;%%",
}

@article{LHCb-PAPER-2014-016,
      author         = "Aaij, R. and others",
      title          = "{Observation of the $B^0_s\to J/\psi K_{\mathrm{S}}^0 K^\pm \pi^\mp$ decay}",
      collaboration  = "LHCb collaboration",
      journal        = "JHEP",
      volume         = "07",
      pages          = "140",
      doi            = "10.1007/JHEP07(2014)140",
      year           = "2014",
      eprint         = "1405.3219",
      archivePrefix  = "arXiv",
      primaryClass   = "hep-ex",
      report         = "LHCb-PAPER-2014-016, CERN-PH-EP-2014-085",
      SLACcitation   = "%%CITATION = ARXIV:1405.3219;%%",
}

@article{LHCb-PAPER-2014-015,
      author         = "Aaij, R. and others",
      title          = "{Study of $\Upsilon$ production and cold nuclear effects in $p$Pb collisions at $\sqrt{s_{NN}}=5$\,TeV}",
      collaboration  = "LHCb collaboration",
      journal        = "JHEP",
      volume         = "07",
      pages          = "094",
      doi            = "10.1007/JHEP07(2014)094",
      year           = "2014",
      eprint         = "1405.5152",
      archivePrefix  = "arXiv",
      primaryClass   = "nucl-ex",
      report         = "LHCb-PAPER-2014-015, CERN-PH-EP-2014-102",
      SLACcitation   = "%%CITATION = ARXIV:1405.5152;%%",
}

@article{LHCb-PAPER-2014-014,
      author         = "Aaij, R. and others",
      title          = "{Observation of the resonant character of the $Z(4430)^-$ state}",
      collaboration  = "LHCb collaboration",
      year           = "2014",
      journal        = "Phys. Rev. Lett.",
      volume         = "112",
      pages          = "222002",
      doi            = "10.1103/PhysRevLett.112.222002",
      eprint         = "1404.1903",
      archivePrefix  = "arXiv",
      primaryClass   = "hep-ex",
      report         = "LHCb-PAPER-2014-014, CERN-PH-EP-2014-061",
      SLACcitation   = "%%CITATION = ARXIV:1404.1903;%%",
}

@article{LHCb-PAPER-2014-013,
      author         = "Aaij, R. and others",
      title          = "{Measurement of $C\!P$ asymmetry in $D^0 \to K^-
                        K^+$ and $D^0 \to \pi^- \pi^+$ decays}",
      collaboration  = "LHCb collaboration",
      journal        = "JHEP",
      volume         = "07",
      pages          = "041",
      doi            = "10.1007/JHEP07(2014)041",
      year           = "2014",
      eprint         = "1405.2797",
      archivePrefix  = "arXiv",
      primaryClass   = "hep-ex",
      report         = "CERN-PH-EP-2014-082, LHCb-PAPER-2014-013",
      SLACcitation   = "%%CITATION = ARXIV:1405.2797;%%",
}

@article{LHCb-PAPER-2014-012,
      author         = "Aaij, R. and others",
      title          = "{Measurement of the resonant and $C\!P$ components in $\overline{B}^0 \to J/\psi\pi^+\pi^-$ decays}",
      collaboration  = "LHCb collaboration",
      year           = "2014",
      journal        = "Phys. Rev.",
      volume         = "D90",
      pages          = "012003",
      doi            = "10.1103/PhysRevD.90.012003",
      eprint         = "1404.5673",
      archivePrefix  = "arXiv",
      primaryClass   = "hep-ex",
      report         = "CERN-PH-EP-2014-06, 9-LHCb-PAPER-2014-012",
      SLACcitation   = "%%CITATION = ARXIV:1404.5673;%%",
}

@article{LHCb-PAPER-2014-011,
      author         = "Aaij, R. and others",
      title          = "{Effective lifetime measurements in the $B_s^0\to K^+K^-$, $B^0\to K^+\pi^-$ and $B_s^0\to \pi^+K^-$ decays}",
      collaboration  = "LHCb collaboration",
      year           = "2014",
      journal        = "Phys. Lett.",
      volume         = "B736",
      pages          = "446",
      doi            = "10.1016/j.physletb.2014.07.051",
      eprint         = "1406.7204",
      archivePrefix  = "arXiv",
      primaryClass   = "hep-ex",
      report         = "LHCb-PAPER-2014-011, CERN-PH-EP-2014-127",
      SLACcitation   = "%%CITATION = ARXIV:1406.7204;%%",
}

@article{LHCb-PAPER-2014-010,
      author         = "Aaij, R. and others",
      title          = "{Measurement of the $\Xi_b^-$ and $\Omega_b^-$ baryon lifetimes}",
      collaboration  = "LHCb collaboration",
      year           = "2014",
      journal        = "Phys. Lett.",
      volume         = "B736",
      pages          = "154",
      doi            = "10.1016/j.physletb.2014.06.064",
      eprint         = "1405.1543",
      archivePrefix  = "arXiv",
      primaryClass   = "hep-ex",
      report         = "CERN-PH-EP-2014-081, LHCb-PAPER-2014-010",
      SLACcitation   = "%%CITATION = ARXIV:1405.1543;%%",
}

@article{LHCb-PAPER-2014-009,
      author         = "Aaij, R. and others",
      title          = "{Evidence for the decay $B_c^+ \to J/\psi 3\pi^+
                        2\pi^-$}",
      collaboration  = "LHCb collaboration",
      journal        = "JHEP",
      volume         = "05",
      pages          = "148",
      doi            = "10.1007/JHEP05(2014)148",
      year           = "2014",
      eprint         = "1404.0287",
      archivePrefix  = "arXiv",
      primaryClass   = "hep-ex",
      report         = "CERN-PH-EP-2014-054, LHCb-PAPER-2014-009",
      SLACcitation   = "%%CITATION = ARXIV:1404.0287;%%",
}

@article{LHCb-PAPER-2014-008,
      author         = "Aaij, R. and others",
      title          = "{Evidence for the decay
                        $X(3872)\to\psi(2S)\gamma$}",
      collaboration  = "LHCb collaboration",
      journal        = "Nucl. Phys.",
      volume         = "B886",
      pages          = "665",
      doi            = "10.1016/j.nuclphysb.2014.06.011",
      year           = "2014",
      eprint         = "1404.0275",
      archivePrefix  = "arXiv",
      primaryClass   = "hep-ex",
      report         = "CERN-PH-EP-2014-050, LHCb-PAPER-2014-008",
      SLACcitation   = "%%CITATION = ARXIV:1404.0275;%%",
}

@article{LHCb-PAPER-2014-007,
      author         = "Aaij, R. and others",
      title          = "{Angular analysis of charged and neutral $B \to K \mu^+ \mu^-$ decays}",
      collaboration  = "LHCb collaboration",
      journal        = "JHEP",
      volume         = "05",
      pages          = "082",
      doi            = "10.1007/JHEP05(2014)082",
      year           = "2014",
      eprint         = "1403.8045",
      archivePrefix  = "arXiv",
      primaryClass   = "hep-ex",
      report         = "LHCb-PAPER-2014-007, CERN-PH-EP-2014-056",
      SLACcitation   = "%%CITATION = ARXIV:1403.8045;%%",
}

@article{LHCb-PAPER-2014-006,
      author         = "Aaij, R. and others",
      title          = "{Differential branching fractions and isospin asymmetries of $B \to K^{(*)}\mu^+\mu^-$ decays}",
      collaboration  = "LHCb collaboration",
      journal        = "JHEP",
      volume         = "06",
      pages          = "133",
      doi            = "10.1007/JHEP06(2014)133",
      year           = "2014",
      eprint         = "1403.8044",
      archivePrefix  = "arXiv",
      primaryClass   = "hep-ex",
      report         = "LHCb-PAPER-2014-006, CERN-PH-EP-2014-055",
      SLACcitation   = "%%CITATION = ARXIV:1403.8044;%%",
}

@article{LHCb-PAPER-2014-005,
      author         = "Aaij, R. and others",
      title          = "{Measurement of polarization amplitudes and $C\!P$
                        asymmetries in $B^0 \to \phi K^*(892)^0$}",
      collaboration  = "LHCb collaboration",
      journal        = "JHEP",
      volume         = "05",
      pages          = "069",
      doi            = "10.1007/JHEP05(2014)069",
      year           = "2014",
      eprint         = "1403.2888",
      archivePrefix  = "arXiv",
      primaryClass   = "hep-ex",
      report         = "CERN-PH-EP-2014-038, LHCb-PAPER-2014-005",
      SLACcitation   = "%%CITATION = ARXIV:1403.2888;%%",
}

@article{LHCb-PAPER-2014-004,
      author         = "Aaij, R. and others",
      title          = "{Study of the kinematic dependences of $\Lambda_b^0$
                        production in $pp$ collisions and a measurement of the
                        $\Lambda_b^0 \to \Lambda_c^+ \pi^-$ branching fraction}",
      collaboration  = "LHCb collaboration",
      year           = "2014",
      journal        = "JHEP",
      volume         = "08",
      pages          = "143",
      doi            = "10.1007/JHEP08(2014)143",
      eprint         = "1405.6842",
      archivePrefix  = "arXiv",
      primaryClass   = "hep-ex",
      report         = "CERN-PH-EP-2014-106, LHCb-PAPER-2014-004",
      SLACcitation   = "%%CITATION = ARXIV:1405.6842;%%",
}

@article{LHCb-PAPER-2014-003,
      author         = "Aaij, R. and others",
      title          = "{Precision measurement of the ratio of the $\Lambda_b^0$
                        to $\overline{B}^0$ lifetimes}",
      collaboration  = "LHCb collaboration",
      year           = "2014",
      journal        = "Phys. Lett.",
      volume         = "B734",
      pages          = "122",
      doi            = "10.1016/j.physletb.2014.05.021",
      eprint         = "1402.6242",
      archivePrefix  = "arXiv",
      primaryClass   = "hep-ex",
      report         = "CERN-PH-EP-2014-027, LHCb-PAPER-2014-003",
      SLACcitation   = "%%CITATION = ARXIV:1402.6242;%%",
}

@article{LHCb-PAPER-2014-002,
      author         = "Aaij, R. and others",
      title          = "{Study of beauty hadron decays into pairs of charm
                        hadrons}",
      collaboration  = "LHCb collaboration",
      year           = "2014",
      eprint         = "1403.3606",
      archivePrefix  = "arXiv",
      primaryClass   = "hep-ex",
      journal        = "Phys. Rev. Lett.",
      volume         = "112",
      pages          = "202001",
      doi            = "10.1103/PhysRevLett.112.202001",
      report         = "CERN-PH-EP-2014-033, LHCb-PAPER-2014-002",
      SLACcitation   = "%%CITATION = ARXIV:1403.3606;%%",
}

@article{LHCb-PAPER-2014-001,
      author         = "Aaij, R. and others",
      title          = "{Observation of photon polarization in the $b \to
                        s\gamma$ transition}",
      collaboration  = "LHCb collaboration",
      year           = "2014",
      eprint         = "1402.6852",
      archivePrefix  = "arXiv",
      primaryClass   = "hep-ex",
      journal        = "Phys. Rev. Lett.",
      volume         = "112",
      pages          = "161801",
      doi            = "10.1103/PhysRevLett.112.161801",
      report         = "CERN-PH-EP-2014-026, LHCb-PAPER-2014-001",
      SLACcitation   = "%%CITATION = ARXIV:1402.6852;%%",
}

@article{LHCb-PAPER-2013-070,
      author         = "Aaij, R. and others",
      title          = "{Measurement of charged particle multiplicities and
                        densities in $pp$ collisions at $\sqrt{s}=7\;$TeV in the
                        forward region}",
      collaboration  = "LHCb collaboration",
      journal        = "Eur. Phys. J.",
      volume         = "C74",
      pages          = "2888",
      doi            = "10.1140/epjc/s10052-014-2888-1",
      year           = "2014",
      eprint         = "1402.4430",
      archivePrefix  = "arXiv",
      primaryClass   = "hep-ex",
      report         = "CERN-PH-EP-2014-023, LHCb-PAPER-2013-070",
      SLACcitation   = "%%CITATION = ARXIV:1402.4430;%%",
}

@article{LHCb-PAPER-2013-069,
      author         = "Aaij, R. and others",
      title          = "{Measurement of resonant and $C\!P$ components in
                        $\overline{B}_s^0\to J/\psi \pi^+\pi^-$ decays}",
      collaboration  = "LHCb collaboration",
      journal        = "Phys. Rev.",
      volume         = "D89",
      pages          = "092006",
      year           = "2014",
      doi            = "10.1103/PhysRevD.89.092006",
      eprint         = "1402.6248",
      archivePrefix  = "arXiv",
      primaryClass   = "hep-ex",
      report         = "CERN-PH-EP-2014-024, LHCb-PAPER-2013-069",
      SLACcitation   = "%%CITATION = ARXIV:1402.6248;%%",
}

@article{LHCb-PAPER-2013-068,
      author         = "Aaij, R. and others",
      title          = "{A study of $C\!P$ violation in $B^\pm \to D K^\pm$ and
                        $B^\pm \to D \pi^\pm$ decays with $D \to K^0_S K^\pm
                        \pi^\mp$ final states}",
      collaboration  = "LHCb collaboration",
      journal        = "Phys. Lett.",
      volume         = "B733",
      pages          = "36",
      doi            = "10.1016/j.physletb.2014.03.051",
      year           = "2014",
      eprint         = "1402.2982",
      archivePrefix  = "arXiv",
      primaryClass   = "hep-ex",
      report         = "CERN-PH-EP-2014-017, LHCb-PAPER-2013-068",
      SLACcitation   = "%%CITATION = ARXIV:1402.2982;%%",
}

@article{LHCb-PAPER-2013-067,
      author         = "Aaij, R. and others",
      title          = "{Measurement of $\psi(2S)$ polarisation in $pp$
                        collisions at $\sqrt{s}=7$ TeV}",
      collaboration  = "LHCb collaboration",
      journal        = "Eur. Phys. J.",
      volume         = "C74",
      pages          = "2872",
      doi            = "10.1140/epjc/s10052-014-2872-9",
      year           = "2014",
      eprint         = "1403.1339",
      archivePrefix  = "arXiv",
      primaryClass   = "hep-ex",
      report         = "LHCb-PAPER-2013-067-CERN-PH-EP-2014-029",
      SLACcitation   = "%%CITATION = ARXIV:1403.1339;%%",
}

@article{LHCb-PAPER-2013-066,
      author         = "Aaij, R. and others",
      title          = "{Measurement of $\Upsilon$ production in $pp$ collisions at $\sqrt{s} = 2.76$ TeV}",
      collaboration  = "LHCb collaboration",
      journal        = "Eur. Phys. J.",
      volume         = "C74",
      pages          = "2835",
      doi            = "10.1140/epjc/s10052-014-2835-1",
      year           = "2014",
      eprint         = "1402.2539",
      archivePrefix  = "arXiv",
      primaryClass   = "hep-ex",
      report         = "CERN-PH-EP-2014-016, LHCb-PAPER-2013-066",
      SLACcitation   = "%%CITATION = ARXIV:1402.2539;%%",
}

@article{LHCb-PAPER-2013-065,
      author         = "Aaij, R. and others",
      title          = "{Measurements of the $B^+$, $B^0$, $B_s^0$ meson and
                        $\Lambda_b^0$ baryon lifetimes}",
      collaboration  = "LHCb collaboration",
      journal        = "JHEP",
      volume         = "04",
      pages          = "114",
      doi            = "10.1007/JHEP04(2014)114",
      year           = "2014",
      eprint         = "1402.2554",
      archivePrefix  = "arXiv",
      primaryClass   = "hep-ex",
      report         = "LHCb-PAPER-2013-065, CERN-PH-EP-2014-018",
      SLACcitation   = "%%CITATION = ARXIV:1402.2554;%%",
}

@article{LHCb-PAPER-2013-064,
      author         = "Aaij, R. and others",
      title          = "{Search for Majorana neutrinos in $B^- \to \pi^+\mu^-\mu^-$ decays}",
      collaboration  = "LHCb collaboration",
      eprint         = "1401.5361",
      archivePrefix  = "arXiv",
      primaryClass   = "hep-ex",
      journal        = "Phys. Rev. Lett.",
      volume         = "112",
      pages          = "131802",
      doi            = "10.1103/PhysRevLett.112.131802",
      year           = "2014",
      report         = "CERN-PH-EP-2014-002, LHCb-PAPER-2013-064",
      SLACcitation   = "%%CITATION = ARXIV:1401.5361;%%",
}

@article{LHCb-PAPER-2013-063,
      author         = "Aaij, R. and others",
      title          = "{Measurement of the $B_c^+$ meson lifetime using $B_c^+\to J/\psi\mu^+\nu_{\mu} X$ decays}",
      collaboration  = "LHCb collaboration",
      journal        = "Eur. Phys. J.",
      volume         = "C74",
      pages          = "2839",
      doi            = "10.1140/epjc/s10052-014-2839-x",
      year           = "2014",
      eprint         = "1401.6932",
      archivePrefix  = "arXiv",
      primaryClass   = "hep-ex",
      report         = "CERN-PH-EP-2014-008, LHCb-PAPER-2013-063",
      SLACcitation   = "%%CITATION = ARXIV:1401.6932;%%",
}

@article{LHCb-PAPER-2013-062,
      author         = "Aaij, R. and others",
      title          = "{Observation of associated production of a $Z$ boson with a $D$ meson in the~forward region}",
      collaboration  = "LHCb collaboration",
      journal        = "JHEP",
      volume         = "04",
      pages          = "091",
      doi            = "10.1007/JHEP04(2014)091",
      year           = "2014",
      eprint         = "1401.3245",
      archivePrefix  = "arXiv",
      primaryClass   = "hep-ex",
      report         = "CERN-PH-EP-2013-235, LHCb-PAPER-2013-062",
      SLACcitation   = "%%CITATION = ARXIV:1401.3245;%%",
}

@article{LHCb-PAPER-2013-061,
      author         = "Aaij, R. and others",
      title          = "{Searches for $\Lambda^0_{b}$ and $\Xi^0_b$ decays to
                        $K^0_S p \pi^-$ and $K^0_S p K^-$ final
                        states with first observation of the $\Lambda^0_b
                        \to K^0_S p \pi^-$ decay}",
      collaboration  = "LHCb collaboration",
      journal        = "JHEP",
      volume         = "04",
      pages          = "087",
      doi            = "10.1007/JHEP04(2014)087",
      year           = "2014",
      eprint         = "1402.0770",
      archivePrefix  = "arXiv",
      primaryClass   = "hep-ex",
      report         = "LHCb-PAPER-2013-061, CERN-PH-EP-2014-012",
      SLACcitation   = "%%CITATION = ARXIV:1402.0770;%%",
}

@article{LHCb-PAPER-2013-060,
      author         = "Aaij, R. and others",
      title          = "{Measurement of the $\overline{B}^0_s\to D_s^-D_s^+$ and $\overline{B}^0_s\to D^-D_s^+$ effective lifetimes}",
      collaboration  = "LHCb collaboration",
      journal        = "Phys. Rev. Lett.",
      volume         = "112",
      pages          = "111802",
      doi            = "10.1103/PhysRevLett.112.111802",
      year           = "2014",
      eprint         = "1312.1217",
      archivePrefix  = "arXiv",
      primaryClass   = "hep-ex",
      report         = "LHCb-PAPER-2013-060, CERN-PH-EP-2013-218",
      SLACcitation   = "%%CITATION = ARXIV:1312.1217;%%",
}

@article{LHCb-PAPER-2013-059,
      author         = "Aaij, R. and others",
      title          = "{Updated measurements of exclusive $J/\psi$ and $\psi(2S)$ production cross-sections in $pp$ collisions at $\sqrt{s} = 7$ TeV}",
      collaboration  = "LHCb collaboration",
      journal        = "J. Phys.",
      volume         = "G41",
      pages          = "055002",
      doi            = "10.1088/0954-3899/41/5/055002",
      eprint         = "1401.3288",
      archivePrefix  = "arXiv",
      primaryClass   = "hep-ex",
      year           = "2014",
      report         = "CERN-PH-EP-2013-233-LHCb-PAPER-2013-059",
      SLACcitation   = "%%CITATION = ARXIV:1401.3288;%%",
}

@article{LHCb-PAPER-2013-058,
      author         = "Aaij, R. and others",
      title          = "{Study of forward $Z$+jet production in $pp$ collisions at $\sqrt{s} = 7$ TeV}",
      collaboration  = "LHCb collaboration",
      journal        = "JHEP",
      volume         = "01",
      pages          = "033",
      doi            = "10.1007/JHEP01(2014)033",
      year           = "2014",
      eprint         = "1310.8197",
      archivePrefix  = "arXiv",
      primaryClass   = "hep-ex",
      report         = "LHCb-PAPER-2013-058, CERN-PH-EP-2013-198",
      SLACcitation   = "%%CITATION = ARXIV:1310.8197;%%",
}

@article{LHCb-PAPER-2013-057,
      author         = "Aaij, R. and others",
      title          = "{Search for $C\!P$ violation in the decay $D^+ \to \pi^- \pi^+ \pi^+$}",
      collaboration  = "LHCb collaboration",
      journal        = "Phys. Lett.",
      volume         = "B728",
      pages          = "585",
      doi            = "10.1016/j.physletb.2013.12.035",
      year           = "2014",
      eprint         = "1310.7953",
      archivePrefix  = "arXiv",
      primaryClass   = "hep-ex",
      report         = "LHCb-PAPER-2013-057, CERN-PH-EP-2013-199",
      SLACcitation   = "%%CITATION = ARXIV:1310.7953;%%",
}

@article{LHCb-PAPER-2013-056,
      author         = "Aaij, R. and others",
      title          = "{Study of beauty baryon decays to $D^0 p h^-$ and $\Lambda_c^+ h^-$ final states}",
      collaboration  = "LHCb collaboration",
      journal        = "Phys. Rev.",
      volume         = "D89",
      pages          = "032001",
      year           = "2014",
      doi            = "10.1103/PhysRevD.89.032001",
      eprint         = "1311.4823",
      archivePrefix  = "arXiv",
      primaryClass   = "hep-ex",
      report         = "CERN-PH-EP-2013-207, LHCb-PAPER-2013-056",
      SLACcitation   = "%%CITATION = ARXIV:1311.4823;%%",
}

@article{LHCb-PAPER-2013-055,
      author         = "Aaij, R. and others",
      title          = "{Observation of $\overline{B}^0_{(s)}\to J/\psi f_1(1285)$ decays and measurement of the $f_1(1285)$ mixing angle}",
      collaboration  = "LHCb collaboration",
      journal        = "Phys. Rev. Lett.",
      volume         = "112",
      pages          = "091802",
      doi            = "10.1103/PhysRevLett.112.091802",
      year           = "2014",
      eprint         = "1310.2145",
      archivePrefix  = "arXiv",
      primaryClass   = "hep-ex",
      report         = "CERN-PH-EP-2013-186, LHCb-PAPER-2013-055",
      SLACcitation   = "%%CITATION = ARXIV:1310.2145;%%",
}

@article{LHCb-PAPER-2013-054,
      author         = "Aaij, R. and others",
      title          = "{Measurements of indirect $C\!P$ asymmetries in $D^0\to K^-K^+$ and $D^0\to\pi^-\pi^+$ decays}",
      collaboration  = "LHCb collaboration",
      journal        = "Phys. Rev. Lett.",
      volume         = "112",
      pages          = "041801",
      doi            = "10.1103/PhysRevLett.112.041801",
      year           = "2014",
      eprint         = "1310.7201",
      archivePrefix  = "arXiv",
      primaryClass   = "hep-ex",
      report         = "LHCb-PAPER-2013-054, CERN-PH-EP-2013-180",
      SLACcitation   = "%%CITATION = ARXIV:1310.7201;%%",
}

@article{LHCb-PAPER-2013-053,
      author         = "Aaij, R. and others",
      title          = "{Measurement of $D^0$--$\overline{D}^0$ mixing parameters and search for $C\!P$ violation using $D^0\to K^+\pi^-$ decays}",
      collaboration  = "LHCb collaboration",
      journal        = "Phys. Rev. Lett.",
      volume         = "111",
      pages          = "251801",
      doi            = "10.1103/PhysRevLett.111.251801",
      year           = "2013",
      eprint         = "1309.6534",
      archivePrefix  = "arXiv",
      primaryClass   = "hep-ex",
      report         = "CERN-PH-EP-2013-176, LHCb-PAPER-2013-053",
      SLACcitation   = "%%CITATION = ARXIV:1309.6534;%%",
}

@article{LHCb-PAPER-2013-052,
      author         = "Aaij, R. and others",
      title          = "{Study of $\jpsi$ production and cold nuclear matter effects in $p$Pb collisions at $\sqrt{s_{\mbox{\tiny{NN}}}}=5$ TeV}",
      collaboration  = "LHCb collaboration",
      journal        = "JHEP",
      volume         = "02",
      pages          = "072",
      doi            = "10.1007/JHEP02(2014)072",
      year           = "2014",
      eprint         = "1308.6729",
      archivePrefix  = "arXiv",
      primaryClass   = "nucl-ex",
      report         = "CERN-PH-EP-2013-156, LHCb-PAPER-2013-052",
      SLACcitation   = "%%CITATION = ARXIV:1308.6729;%%",
}

@article{LHCb-PAPER-2013-051,
      author         = "Aaij, R. and others",
      title          = "{Measurement of $C\!P$ violation in the phase space of $B^\pm \to K^+K^-\pi^\pm$ and $B^\pm\to \pi^+\pi^-\pi^\pm$ decays}",
      collaboration  = "LHCb collaboration",
      journal        = "Phys. Rev. Lett.",
      volume         = "112",
      pages          = "011801",
      doi            = "10.1103/PhysRevLett.112.011801",
      year           = "2014",
      eprint         = "1310.4740",
      archivePrefix  = "arXiv",
      primaryClass   = "hep-ex",
      report         = "LHCb-PAPER-2013-051, CERN-PH-EP-2013-190",
      SLACcitation   = "%%CITATION = ARXIV:1310.4740;%%",
}

@article{LHCb-PAPER-2013-050,
      author         = "Aaij, R. and others",
      title          = "{Search for the decay $D^0 \to \pi^+\pi^-\mu^+\mu^-$}",
      collaboration  = "LHCb collaboration",
      journal        = "Phys. Lett.",
      volume         = "B728",
      pages          = "234",
      doi            = "10.1016/j.physletb.2013.11.053",
      year           = "2014",
      eprint         = "1310.2535",
      archivePrefix  = "arXiv",
      primaryClass   = "hep-ex",
      report         = "LHCb-PAPER-2013-050, CERN-PH-EP-2013-183",
      SLACcitation   = "%%CITATION = ARXIV:1310.2535;%%",
}

@article{LHCb-PAPER-2013-049,
      author         = "Aaij, R. and others",
      title          = "{Search for the doubly charmed baryon $\Xi_{cc}^+$}",
      collaboration  = "LHCb collaboration",
      journal        = "JHEP",
      volume         = "12",
      pages          = "090",
      doi            = "10.1007/JHEP12(2013)090",
      year           = "2013",
      eprint         = "1310.2538",
      archivePrefix  = "arXiv",
      primaryClass   = "hep-ex",
      report         = "LHCb-PAPER-2013-049, CERN-PH-EP-2013-181",
      SLACcitation   = "%%CITATION = ARXIV:1310.2538;%%",
}

@article{LHCb-PAPER-2013-048,
      author         = "Aaij, R. and others",
      title          = "{Measurement of the charge asymmetry in $B^\pm \to \phi K^\pm$ and search for $B^\pm \to \phi \pi^\pm$ decays}",
      collaboration  = "LHCb collaboration",
      journal        = "Phys. Lett.",
      volume         = "B728",
      pages          = "85",
      doi            = "10.1016/j.physletb.2013.11.036",
      year           = "2014",
      eprint         = "1309.3742",
      archivePrefix  = "arXiv",
      primaryClass   = "hep-ex",
      report         = "LHCb-PAPER-2013-048, CERN-PH-EP-2013-166",
      SLACcitation   = "%%CITATION = ARXIV:1309.3742;%%",
}

@article{LHCb-PAPER-2013-047,
      author         = "Aaij, R. and others",
      title          = "{Observation of the decay $B_c^+ \to J/\psi K^+K^-\pi^+$}",
      collaboration  = "LHCb collaboration",
      journal        = "JHEP",
      volume         = "11",
      pages          = "094",
      doi            = "10.1007/JHEP11(2013)094",
      year           = "2013",
      eprint         = "1309.0587",
      archivePrefix  = "arXiv",
      primaryClass   = "hep-ex",
      report         = "CERN-PH-EP-2013-165, LHCb-PAPER-2012-047",
      SLACcitation   = "%%CITATION = ARXIV:1309.0587;%%",
}

@article{LHCb-PAPER-2013-046,
      author         = "Aaij, R. and others",
      title          = "{Measurement of the $B_s^0\to\mu^+\mu^-$ branching fraction and search for $B^0\to\mu^+\mu^-$ decays at the LHCb experiment}",
      collaboration  = "LHCb collaboration",
      journal        = "Phys. Rev. Lett.",
      volume         = "111",
      pages          = "101805",
      doi            = "10.1103/PhysRevLett.111.101805",
      year           = "2013",
      eprint         = "1307.5024",
      archivePrefix  = "arXiv",
      primaryClass   = "hep-ex",
      report         = "CERN-PH-EP-2013-128, LHCb-PAPER-2013-046",
      SLACcitation   = "%%CITATION = ARXIV:1307.5024;%%",
}

@article{LHCb-PAPER-2013-045,
      author         = "Aaij, R. and others",
      title          = "{First observation of $\overline{B}^0\to J/\psi K^+K^-$ and search for $\overline{B}^0\to J/\psi \phi$ decays}",
      collaboration  = "LHCb collaboration",
      journal        = "Phys. Rev.",
      volume         = "D88",
      pages          = "072005",
      doi            = "10.1103/PhysRevD.88.072005",
      year           = "2013",
      eprint         = "1308.5916",
      archivePrefix  = "arXiv",
      primaryClass   = "hep-ex",
      report         = "CERN-PH-EP-2013-159, LHCb-PAPER-2013-045",
      SLACcitation   = "%%CITATION = ARXIV:1308.5916;%%",
}

@article{LHCb-PAPER-2013-044,
      author         = "Aaij, R. and others",
      title          = "{Observation of the decay $B_c^+\to B_s^0\pi^+$}",
      collaboration  = "LHCb collaboration",
      journal        = "Phys. Rev. Lett.",
      volume         = "111",
      pages          = "181801",
      doi            = "10.1103/PhysRevLett.111.181801",
      year           = "2013",
      eprint         = "1308.4544",
      archivePrefix  = "arXiv",
      primaryClass   = "hep-ex",
      report         = "CERN-PH-EP-2013-136, LHCb-PAPER-2013-044",
      SLACcitation   = "%%CITATION = ARXIV:1308.4544;%%",
}

@article{LHCb-PAPER-2013-043,
      author         = "Aaij, R. and others",
      title          = "{Measurement of the $C\!P$ asymmetry in $B^+\to K^+\mu^+\mu^-$ decays}",
      collaboration  = "LHCb collaboration",
      journal        = "Phys. Rev. Lett.",
      volume         = "111",
      pages          = "151801",
      doi            = "10.1103/PhysRevLett.111.151801",
      year           = "2013",
      eprint         = "1308.1340",
      archivePrefix  = "arXiv",
      primaryClass   = "hep-ex",
      report         = "CERN-PH-EP-2013-145, LHCb-PAPER-2013-043",
      SLACcitation   = "%%CITATION = ARXIV:1308.1340;%%",
}

@article{LHCb-PAPER-2013-042,
      author         = "Aaij, R. and others",
      title          = "{Study of $B_{(s)}^0 \to K^0_S h^+ h^{\prime -}$ decays with first observation of $B_s^0 \to K^0_S K^\pm \pi^\mp$ and $B_s^0 \to K^0_S \pi^+\pi^-$}",
      collaboration  = "LHCb collaboration",
      journal        = "JHEP",
      volume         = "10",
      pages          = "143",
      doi            = "10.1007/JHEP10(2013)143",
      year           = "2013",
      eprint         = "1307.7648",
      archivePrefix  = "arXiv",
      primaryClass   = "hep-ex",
      report         = "CERN-PH-EP-2013-139, LHCb-PAPER-2013-042",
      SLACcitation   = "%%CITATION = ARXIV:1307.7648;%%",
}

@article{LHCb-PAPER-2013-041,
      author         = "Aaij, R. and others",
      title          = "{Model-independent search for $C\!P$ violation in $D^0 \to K^-K^+\pi^+\pi^-$ and $D^0 \to \pi^-\pi^+\pi^-\pi^+$ decays }",
      collaboration  = "LHCb collaboration",
      journal        = "Phys. Lett.",
      volume         = "B726",
      pages          = "623",
      doi            = "10.1016/j.physletb.2013.09.011",
      year           = "2013",
      eprint         = "1308.3189",
      archivePrefix  = "arXiv",
      primaryClass   = "hep-ex",
      report         = "CERN-PH-EP-2013-151, LHCb-PAPER-2013-041",
      SLACcitation   = "%%CITATION = ARXIV:1308.3189;%%",
}

@article{LHCb-PAPER-2013-040,
      author         = "Aaij, R. and others",
      title          = "{First measurement of time-dependent $C\!P$ violation in $B_s^0\to K^+K^-$ decays}",
      collaboration  = "LHCb collaboration",
      journal        = "JHEP",
      volume         = "10",
      pages          = "183",
      doi            = "10.1007/JHEP10(2013)183",
      year           = "2013",
      eprint         = "1308.1428",
      archivePrefix  = "arXiv",
      primaryClass   = "hep-ex",
      report         = "CERN-PH-EP-2013-144, LHCb-PAPER-2013-040",
      SLACcitation   = "%%CITATION = ARXIV:1308.1428;%%",
}

@article{LHCb-PAPER-2013-039,
      author         = "Aaij, R. and others",
      title          = "{Observation of a resonance in $B^+\to K^+\mu^+\mu^-$ decays at low recoil}",
      collaboration  = "LHCb collaboration",
      journal        = "Phys. Rev. Lett.",
      volume         = "111",
      pages          = "112003",
      doi            = "10.1103/PhysRevLett.111.112003",
      year           = "2013",
      eprint         = "1307.7595",
      archivePrefix  = "arXiv",
      primaryClass   = "hep-ex",
      report         = "LHCb-PAPER-2013-039, CERN-PH-EP-2013-137",
      SLACcitation   = "%%CITATION = ARXIV:1307.7595;%%",
}

@article{LHCb-PAPER-2013-038,
      author         = "Aaij, R. and others",
      title          = "{First evidence for the two-body charmless baryonic decay $B^0\to p\overline{p}$}",
      collaboration  = "LHCb collaboration",
      journal        = "JHEP",
      volume         = "10",
      pages          = "005",
      doi            = "10.1007/JHEP10(2013)005",
      year           = "2013",
      eprint         = "1308.0961",
      archivePrefix  = "arXiv",
      primaryClass   = "hep-ex",
      report         = "LHCb-PAPER-2013-038, CERN-PH-EP-2013-138",
      SLACcitation   = "%%CITATION = ARXIV:1308.0961;%%",
}

@article{LHCb-PAPER-2013-037,
      author         = "Aaij, R. and others",
      title          = "{Measurement of form-factor-independent observables in the decay $B^0\to K^{*0}\mu^+\mu^-$}",
      collaboration  = "LHCb collaboration",
      journal        = "Phys. Rev. Lett.",
      volume         = "111",
      pages          = "191801",
      doi            = "10.1103/PhysRevLett.111.191801",
      year           = "2013",
      eprint         = "1308.1707",
      archivePrefix  = "arXiv",
      primaryClass   = "hep-ex",
      report         = "LHCb-PAPER-2013-037, CERN-PH-EP-2013-146",
      SLACcitation   = "%%CITATION = ARXIV:1308.1707;%%",
}

@article{LHCb-PAPER-2013-036,
      author         = "Aaij, R. and others",
      title          = "{Observation of $B^0_s$--$\overline{B}^0_s$ mixing and measurement of mixing frequencies using semileptonic $B$ decays}",
      collaboration  = "LHCb collaboration",
      journal        = "Eur. Phys. J.",
      volume         = "C73",
      pages          = "2655",
      doi            = "10.1140/epjc/s10052-013-2655-8",
      year           = "2013",
      eprint         = "1308.1302",
      archivePrefix  = "arXiv",
      primaryClass   = "hep-ex",
      report         = "LHCb-PAPER-2013-036, CERN-PH-EP-2013-143",
      SLACcitation   = "%%CITATION = ARXIV:1308.1302;%%",
}

@article{LHCb-PAPER-2013-035,
      author         = "Aaij, R. and others",
      title          = "{Observation of the decay $B^0_s\to\overline{D}^0\phi$}",
      collaboration  = "LHCb collaboration",
      journal        = "Phys. Lett.",
      volume         = "B727",
      pages          = "403",
      doi            = "10.1016/j.physletb.2013.10.057",
      year           = "2013",
      eprint         = "1308.4583",
      archivePrefix  = "arXiv",
      primaryClass   = "hep-ex",
      report         = "LHCb-PAPER-2013-035, CERN-PH-EP-2013-150",
      SLACcitation   = "%%CITATION = ARXIV:1308.4583;%%",
}

@article{LHCb-PAPER-2013-034,
      author         = "Aaij, R. and others",
      title          = "{Branching fraction and $C\!P$ asymmetry of the decays $B^+ \to K^0_S \pi^+$ and $B^+ \to K^0_S K^+$}",
      collaboration  = "LHCb collaboration",
      journal        = "Phys. Lett.",
      volume         = "B726",
      pages          = "646",
      doi            = "10.1016/j.physletb.2013.09.046",
      year           = "2013",
      eprint         = "1308.1277",
      archivePrefix  = "arXiv",
      primaryClass   = "hep-ex",
      report         = "CERN-PH-EP-2013-147, LHCb-PAPER-2013-034",
      SLACcitation   = "%%CITATION = ARXIV:1308.1277;%%",
}

@article{LHCb-PAPER-2013-033,
      author         = "Aaij, R. and others",
      title          = "{Measurement of the flavour-specific $C\!P$-violating asymmetry $a_{\mathrm{sl}}^s$ in $B_s^0$ decays}",
      collaboration  = "LHCb collaboration",
      journal        = "Phys. Lett.",
      volume         = "B728",
      pages          = "607",
      doi            = "10.1016/j.physletb.2013.12.030",
      year           = "2014",
      eprint         = "1308.1048",
      archivePrefix  = "arXiv",
      primaryClass   = "hep-ex",
      report         = "LHCb-PAPER-2013-033, CERN-PH-EP-2013-141",
      SLACcitation   = "%%CITATION = ARXIV:1308.1048;%%",
}

@article{LHCb-PAPER-2013-032,
      author         = "Aaij, R. and others",
      title          = "{Precision measurement of the $\Lambda_b^0$ baryon lifetime}",
      collaboration  = "LHCb collaboration",
      journal        = "Phys. Rev. Lett.",
      volume         = "111",
      pages          = "102003",
      doi            = "10.1103/PhysRevLett.111.102003",
      year           = "2013",
      eprint         = "1307.2476",
      archivePrefix  = "arXiv",
      primaryClass   = "hep-ex",
      report         = "CERN-PH-EP-2013-117, LHCb-PAPER-2013-032",
      SLACcitation   = "%%CITATION = ARXIV:1307.2476;%%",
}

@article{LHCb-PAPER-2013-031,
      author         = "Aaij, R. and others",
      title          = "{Studies of the decays $B^+\to p\overline{p} h^+$  and observation of $B^+\to \overline{\Lambda}(1520) p$}",
      collaboration  = "LHCb collaboration",
      journal        = "Phys. Rev.",
      volume         = "D88",
      pages          = "052015",
      doi            = "10.1103/PhysRevD.88.052015",
      year           = "2013",
      eprint         = "1307.6165",
      archivePrefix  = "arXiv",
      primaryClass   = "hep-ex",
      report         = "CERN-PH-EP-2013-125, LHCb-PAPER-2013-031",
      SLACcitation   = "%%CITATION = ARXIV:1307.6165;%%",
}

@article{LHCb-PAPER-2013-030,
      author         = "Aaij, R. and others",
      title          = "{Search for the lepton-flavour-violating decays $B_s^0 \to e^\pm \mu^\mp$ and $B^0 \to e^\pm \mu^\mp$}",
      collaboration  = "LHCb collaboration",
      journal        = "Phys. Rev. Lett.",
      volume         = "111",
      pages          = "141801",
      doi            = "10.1103/PhysRevLett.111.141801",
      year           = "2013",
      eprint         = "1307.4889",
      archivePrefix  = "arXiv",
      primaryClass   = "hep-ex",
      report         = "CERN-PH-EP-2013-123, LHCb-PAPER-2013-030",
      SLACcitation   = "%%CITATION = ARXIV:1307.4889;%%",
}

@article{LHCb-PAPER-2013-029,
      author         = "Aaij, R. and others",
      title          = "{Searches for $B^0_{(s)} \to J/\psi p\overline{p}$ and $B^+ \to J/\psi p\overline{p}\pi^+$ decays}",
      collaboration  = "LHCb collaboration",
      journal        = "JHEP",
      volume         = "09",
      pages          = "006",
      doi            = "10.1007/JHEP09(2013)006",
      year           = "2013",
      eprint         = "1306.4489",
      archivePrefix  = "arXiv",
      primaryClass   = "hep-ex",
      report         = "LHCb-PAPER-2013-029, CERN-PH-EP-2013-099",
      SLACcitation   = "%%CITATION = ARXIV:1306.4489;%%",
}

@article{LHCb-PAPER-2013-028,
      author         = "Aaij, R. and others",
      title          = "{Measurement of the relative rate of prompt $\chi_{c0}$, $\chi_{c1}$ and $\chi_{c2}$ production at $\sqrt{s}=7$ TeV}",
      collaboration  = "LHCb collaboration",
      journal        = "JHEP",
      volume         = "10",
      pages          = "115",
      doi            = "10.1007/JHEP10(2013)115",
      year           = "2013",
      eprint         = "1307.4285",
      archivePrefix  = "arXiv",
      primaryClass   = "hep-ex",
      report         = "CERN-PH-EP-2013-114, LHCb-PAPER-2013-028",
      SLACcitation   = "%%CITATION = ARXIV:1307.4285;%%",
}

@article{LHCb-PAPER-2013-027,
      author         = "Aaij, R. and others",
      title          = "{Measurement of $C\!P$ violation in the phase space of $B^\pm \to K^\pm\pi^+\pi^-$ and $B^\pm \to K^\pm K^+K^-$ decays}",
      collaboration  = "LHCb collaboration",
      journal        = "Phys. Rev. Lett.",
      volume         = "111",
      pages          = "101801",
      doi            = "10.1103/PhysRevLett.111.101801",
      year           = "2013",
      eprint         = "1306.1246",
      archivePrefix  = "arXiv",
      primaryClass   = "hep-ex",
      report         = "LHCb-PAPER-2013-027, CERN-PH-EP-2013-090",
      SLACcitation   = "%%CITATION = ARXIV:1306.1246;%%",
}

@article{LHCb-PAPER-2013-026,
      author         = "Aaij, R. and others",
      title          = "{Study of $D_J$ meson decays to $D^+\pi^-$, $D^0\pi^+$ and $D^{*+}\pi^-$ final states in $pp$ collisions}",
      collaboration  = "LHCb collaboration",
      journal        = "JHEP",
      volume         = "09",
      pages          = "145",
      doi            = "10.1007/JHEP09(2013)145",
      year           = "2013",
      eprint         = "1307.4556",
      archivePrefix  = "arXiv",
      primaryClass   = "hep-ex",
      report         = "CERN-PH-EP-2013-122, LHCb-PAPER-2013-026",
      SLACcitation   = "%%CITATION = ARXIV:1307.4556;%%",
}

@article{LHCb-PAPER-2013-025,
      author         = "Aaij, R. and others",
      title          = "{Measurement of the differential branching fraction of the decay $\Lambda_b^0 \to \Lambda \mu^+\mu^-$}",
      collaboration  = "LHCb collaboration",
      journal        = "Phys. Lett.",
      volume         = "B725",
      pages          = "25",
      doi            = "10.1016/j.physletb.2013.06.060",
      year           = "2013",
      eprint         = "1306.2577",
      archivePrefix  = "arXiv",
      primaryClass   = "hep-ex",
      report         = "LHCb-PAPER-2013-025, CERN-PH-EP-2013-094",
      SLACcitation   = "%%CITATION = ARXIV:1306.2577;%%",
}

@article{LHCb-PAPER-2013-024,
      author         = "Aaij, R. and others",
      title          = "{Observation of $B^0_s\to\chi_{c1}\phi$ decay and study of $B^0\to\chi_{c1,2}K^{*0}$ decays}",
      collaboration  = "LHCb collaboration",
      journal        = "Nucl. Phys.",
      volume         = "B874",
      pages          = "663",
      doi            = "10.1016/j.nuclphysb.2013.06.005",
      year           = "2013",
      eprint         = "1305.6511",
      archivePrefix  = "arXiv",
      primaryClass   = "hep-ex",
      report         = "CERN-PH-EP-2013-088, LHCb-PAPER-2013-024",
      SLACcitation   = "%%CITATION = ARXIV:1305.6511;%%",
}

@article{LHCb-PAPER-2013-023,
      author         = "Aaij, R. and others",
      title          = "{Measurement of the polarization amplitudes in $B^0 \to J/\psi K^*(892)^0$ decays}",
      collaboration  = "LHCb collaboration",
      journal        = "Phys. Rev.",
      volume         = "D88",
      pages          = "052002",
      doi            = "10.1103/PhysRevD.88.052002",
      year           = "2013",
      eprint         = "1307.2782",
      archivePrefix  = "arXiv",
      primaryClass   = "hep-ex",
      report         = "CERN-PH-EP-2013-104, LHCb-PAPER-2013-023",
      SLACcitation   = "%%CITATION = ARXIV:1307.2782;%%",
}

@article{LHCb-PAPER-2013-022,
      author         = "Aaij, R. and others",
      title          = "{Measurements of the branching fractions of the decays $B^0_s \to \overline{D}^0 K^- \pi^+$ and $B^0 \to \overline{D}^0 K^+ \pi^-$}",
      collaboration  = "LHCb collaboration",
      journal        = "Phys. Rev.",
      volume         = "D87",
      pages          = "112009",
      doi            = "10.1103/PhysRevD.87.112009",
      year           = "2013",
      eprint         = "1304.6317",
      archivePrefix  = "arXiv",
      primaryClass   = "hep-ex",
      report         = "LHCb-PAPER-2013-022, CERN-PH-EP-2013-070",
      SLACcitation   = "%%CITATION = ARXIV:1304.6317;%%",
}

@article{LHCb-PAPER-2013-021,
      author         = "Aaij, R. and others",
      title          = "{First observation of the decay $B_c^+ \to J/\psi K^+$}",
      collaboration  = "LHCb collaboration",
      journal        = "JHEP",
      volume         = "09",
      pages          = "075",
      doi            = "10.1007/JHEP09(2013)075",
      year           = "2013",
      eprint         = "1306.6723",
      archivePrefix  = "arXiv",
      primaryClass   = "hep-ex",
      report         = "CERN-PH-EP-2013-106, LHCb-PAPER-2013-021",
      SLACcitation   = "%%CITATION = ARXIV:1306.6723;%%",
}

@article{LHCb-PAPER-2013-020,
      author         = "Aaij, R. and others",
      title          = "{A measurement of the CKM angle $\gamma$ from a combination of $B^\pm \to Dh^\pm$ analyses}",
      collaboration  = "LHCb collaboration",
      journal        = "Phys. Lett.",
      volume         = "B726",
      pages          = "151",
      doi            = "10.1016/j.physletb.2013.08.020",
      year           = "2013",
      eprint         = "1305.2050",
      archivePrefix  = "arXiv",
      primaryClass   = "hep-ex",
      report         = "CERN-PH-EP-2013-079, LHCb-PAPER-2013-020",
      SLACcitation   = "%%CITATION = ARXIV:1305.2050;%%",
}

@article{LHCb-PAPER-2013-019,
      author         = "Aaij, R. and others",
      title          = "{Differential branching fraction and angular analysis of the decay $B^0 \to K^{*0} \mu^+\mu^-$}",
      collaboration  = "LHCb collaboration",
      journal        = "JHEP",
      volume         = "08",
      pages          = "131",
      doi            = "10.1007/JHEP08(2013)131",
      year           = "2013",
      eprint         = "1304.6325",
      archivePrefix  = "arXiv",
      primaryClass   = "hep-ex",
      report         = "CERN-PH-EP-2013-074, LHCb-PAPER-2013-019",
      SLACcitation   = "%%CITATION = ARXIV:1304.6325;%%",
}

@article{LHCb-PAPER-2013-018,
      author         = "Aaij, R. and others",
      title          = "{First observation of $C\!P$ violation in the decays of $B_s^0$ mesons}",
      collaboration  = "LHCb collaboration",
      journal        = "Phys. Rev. Lett.",
      volume         = "110",
      pages          = "221601",
      doi            = "10.1103/PhysRevLett.110.221601",
      year           = "2013",
      eprint         = "1304.6173",
      archivePrefix  = "arXiv",
      primaryClass   = "hep-ex",
      report         = "CERN-PH-EP-2013-068, LHCb-PAPER-2013-018",
      SLACcitation   = "%%CITATION = ARXIV:1304.6173;%%",
}

@article{LHCb-PAPER-2013-017,
      author         = "Aaij, R. and others",
      title          = "{Differential branching fraction and angular analysis of the decay $B_s^0\to\phi\mu^+\mu^-$}",
      collaboration  = "LHCb collaboration",
      journal        = "JHEP",
      volume         = "07",
      pages          = "084",
      doi            = "10.1007/JHEP07(2013)084",
      year           = "2013",
      eprint         = "1305.2168",
      archivePrefix  = "arXiv",
      primaryClass   = "hep-ex",
      report         = "CERN-PH-EP-2013-078, LHCb-PAPER-2013-017",
      SLACcitation   = "%%CITATION = ARXIV:1305.2168;%%",
}

@article{LHCb-PAPER-2013-016,
      author         = "Aaij, R. and others",
      title          = "{Production of $J/\psi$ and $\Upsilon$ mesons in $pp$ collisions at $\sqrt{s}=8$ TeV}",
      collaboration  = "LHCb collaboration",
      journal        = "JHEP",
      volume         = "06",
      pages          = "064",
      doi            = "10.1007/JHEP06(2013)064",
      year           = "2013",
      eprint         = "1304.6977",
      archivePrefix  = "arXiv",
      primaryClass   = "hep-ex",
      report         = "CERN-PH-EP-2013-071, LHCb-PAPER-2013-016",
      SLACcitation   = "%%CITATION = ARXIV:1304.6977;%%",
}

@article{LHCb-PAPER-2013-015,
      author         = "Aaij, R. and others",
      title          = "{Measurement of the effective $B^0_s \to J/\psi K^0_S$ lifetime}",
      collaboration  = "LHCb collaboration",
      journal        = "Nucl. Phys.",
      volume         = "B873",
      pages          = "275-292",
      doi            = "10.1016/j.nuclphysb.2013.04.021",
      year           = "2013",
      eprint         = "1304.4500",
      archivePrefix  = "arXiv",
      primaryClass   = "hep-ex",
      report         = "CERN-PH-EP-2013-063, LHCb-PAPER-2013-015",
      SLACcitation   = "%%CITATION = ARXIV:1304.4500;%%",
}

@article{LHCb-PAPER-2013-014,
      author         = "Aaij, R. and others",
      title          = "{Searches for violation of lepton flavour and baryon number in tau lepton decays at LHCb}",
      collaboration  = "LHCb collaboration",
      journal        = "Phys. Lett.",
      volume         = "B724",
      pages          = "36",
      doi            = "10.1016/j.physletb.2013.05.063",
      year           = "2013",
      eprint         = "1304.4518",
      archivePrefix  = "arXiv",
      primaryClass   = "hep-ex",
      report         = "LHCb-PAPER-2013-014, CERN-PH-EP-2013-062",
      SLACcitation   = "%%CITATION = ARXIV:1304.4518;%%",
}

@article{LHCb-PAPER-2013-013,
      author         = "Aaij, R. and others",
      title          = "{Search for the rare decay $D^0\to \mu^+\mu^-$}",
      collaboration  = "LHCb collaboration",
      journal        = "Phys. Lett.",
      volume         = "B725",
      pages          = "15",
      doi            = "10.1016/j.physletb.2013.06.037",
      year           = "2013",
      eprint         = "1305.5059",
      archivePrefix  = "arXiv",
      primaryClass   = "hep-ex",
      report         = "CERN-PH-EP-2013-083, LHCb-PAPER-2013-013",
      SLACcitation   = "%%CITATION = ARXIV:1305.5059;%%",
}

@article{LHCb-PAPER-2013-012,
      author         = "Aaij, R. and others",
      title          = "{First observation of the decay $B^0_s \to\phi\overline{K}^{*0}$}",
      collaboration  = "LHCb collaboration",
      journal        = "JHEP",
      volume         = "11",
      pages          = "092",
      doi            = "10.1007/JHEP11(2013)092",
      year           = "2013",
      eprint         = "1306.2239",
      archivePrefix  = "arXiv",
      primaryClass   = "hep-ex",
      report         = "LHCb-PAPER-2013-012, CERN-PH-EP-2013-087",
      SLACcitation   = "%%CITATION = ARXIV:1306.2239;%%",
}

@article{LHCb-PAPER-2013-011,
      author         = "Aaij, R. and others",
      title          = "{Precision measurement of $D$ meson mass differences}",
      collaboration  = "LHCb collaboration",
      journal        = "JHEP",
      volume         = "06",
      pages          = "065",
      doi            = "10.1007/JHEP06(2013)065",
      year           = "2013",
      eprint         = "1304.6865",
      archivePrefix  = "arXiv",
      primaryClass   = "hep-ex",
      report         = "CERN-PH-EP-2013-053, LHCb-PAPER-2013-011",
      SLACcitation   = "%%CITATION = ARXIV:1304.6865;%%",
}

@article{LHCb-PAPER-2013-010,
      author         = "Aaij, R. and others",
      title          = "{Observation of $B^+_c \to J/\psi D_s^+$ and
                        $B^+_c \to J/\psi D_s^{*+}$ decays}",
      collaboration  = "LHCb collaboration",
      journal        = "Phys. Rev.",
      volume         = "D87",
      pages          = "112012",
      doi            = "10.1103/PhysRevD.87.112012",
      year           = "2013",
      eprint         = "1304.4530",
      archivePrefix  = "arXiv",
      primaryClass   = "hep-ex",
      report         = "CERN-PH-EP-2013-051, LHCb-PAPER-2013-010",
      SLACcitation   = "%%CITATION = ARXIV:1304.4530;%%",
}

@article{LHCb-PAPER-2013-009,
      author         = "Aaij, R. and others",
      title          = "{Limits on neutral Higgs boson production in the forward region in $pp$ collisions at $\sqrt{s}=7$ TeV}",
      collaboration  = "LHCb collaboration",
      journal        = "JHEP",
      volume         = "05",
      pages          = "132",
      doi            = "10.1007/JHEP05(2013)132",
      year           = "2013",
      eprint         = "1304.2591",
      archivePrefix  = "arXiv",
      primaryClass   = "hep-ex",
      report         = "LHCb-PAPER-2013-009, CERN-PH-EP-2013-058",
      SLACcitation   = "%%CITATION = ARXIV:1304.2591;%%",
}

@article{LHCb-PAPER-2013-008,
      author         = "Aaij, R. and others",
      title          = "{Measurement of $\jpsi$ polarization in $pp$ collisions at $\sqrt{s}=7$ TeV}",
      collaboration  = "LHCb collaboration",
      journal        = "Eur. Phys. J.",
      volume         = "C73",
      pages          = "2631",
      doi            = "10.1140/epjc/s10052-013-2631-3",
      year           = "2013",
      eprint         = "1307.6379",
      archivePrefix  = "arXiv",
      primaryClass   = "hep-ex",
      report         = "LHCb-PAPER-2013-008, CERN-PH-EP-2013-130",
      SLACcitation   = "%%CITATION = ARXIV:1307.6379;%%",
}

@article{LHCb-PAPER-2013-007,
      author         = "Aaij, R. and others",
      title          = "{First measurement of the $C\!P$-violating phase in $B^0_s \to \phi \phi$ decays}",
      collaboration  = "LHCb collaboration",
      journal        = "Phys. Rev. Lett.",
      volume         = "110",
      pages          = "241802",
      doi            = "10.1103/PhysRevLett.110.241802",
      year           = "2013",
      eprint         = "1303.7125",
      archivePrefix  = "arXiv",
      primaryClass   = "hep-ex",
      report         = "LHCb-PAPER-2013-007, CERN-PH-EP-2013-046",
      SLACcitation   = "%%CITATION = ARXIV:1303.7125;%%",
}

@article{LHCb-PAPER-2013-006,
      author         = "Aaij, R. and others",
      title          = "{Precision measurement of the $B^0_s$--$\overline{B}^0_s$ oscillation frequency in the decay $B^0_s \to D^-_s \pi^+$}",
      collaboration  = "LHCb collaboration",
      journal        = "New J. Phys.",
      volume         = "15",
      pages          = "053021",
      doi            = "10.1088/1367-2630/15/5/053021",
      year           = "2013",
      eprint         = "1304.4741",
      archivePrefix  = "arXiv",
      primaryClass   = "hep-ex",
      report         = "CERN-PH-EP-2013-054, LHCb-PAPER-2013-006",
      SLACcitation   = "%%CITATION = ARXIV:1304.4741;%%",
}

@article{LHCb-PAPER-2013-005,
      author         = "Aaij, R. and others",
      title          = "{Measurement of the $B^0 \to K^{*0}e^+e^-$ branching fraction at low dilepton mass}",
      collaboration  = "LHCb collaboration",
      journal        = "JHEP",
      volume         = "05",
      pages          = "159",
      doi            = "10.1007/JHEP05(2013)159",
      year           = "2013",
      eprint         = "1304.3035",
      archivePrefix  = "arXiv",
      primaryClass   = "hep-ex",
      report         = "LHCb-PAPER-2013-005, CERN-PH-EP-2013-048",
      SLACcitation   = "%%CITATION = ARXIV:1304.3035;%%",
}

@article{LHCb-PAPER-2013-004,
      author         = "Aaij, R. and others",
      title          = "{Measurement of $B$ meson production cross-sections in proton-proton collisions at $\sqrt{s} = 7$ TeV}",
      collaboration  = "LHCb collaboration",
      journal        = "JHEP",
      volume         = "08",
      pages          = "117",
      doi            = "10.1007/JHEP08(2013)117",
      year           = "2013",
      eprint         = "1306.3663",
      archivePrefix  = "arXiv",
      primaryClass   = "hep-ex",
      report         = "CERN-PH-EP-2013-095, LHCb-PAPER-2013-004",
      SLACcitation   = "%%CITATION = ARXIV:1306.3663;%%",
}

@article{LHCb-PAPER-2013-003,
      author         = "Aaij, R. and others",
      title          = "{Search for direct $C\!P$ violation in $D^0 \to h^- h^+$ modes using semileptonic $B$ decays}",
      collaboration  = "LHCb collaboration",
      journal        = "Phys. Lett.",
      volume         = "B723",
      pages          = "33",
      doi            = "10.1016/j.physletb.2013.04.061",
      year           = "2013",
      eprint         = "1303.2614",
      archivePrefix  = "arXiv",
      primaryClass   = "hep-ex",
      report         = "CERN-PH-EP-2013-039, LHCb-PAPER-2013-003",
      SLACcitation   = "%%CITATION = ARXIV:1303.2614;%%",
}

@article{LHCb-PAPER-2013-002,
      author         = "Aaij, R. and others",
      title          = "{Measurement of $C\!P$ violation and the $B^0_s$ meson decay width difference with $B_s^0\to J/\psi K^+K^-$ and $B_s^0 \to J/\psi\pi^+\pi^-$ decays}",
      collaboration  = "LHCb collaboration",
      journal        = "Phys. Rev.",
      volume         = "D87",
      pages          = "112010",
      doi            = "10.1103/PhysRevD.87.112010",
      year           = "2013",
      eprint         = "1304.2600",
      archivePrefix  = "arXiv",
      primaryClass   = "hep-ex",
      report         = "CERN-PH-EP-2013-055, LHCb-PAPER-2013-002",
      SLACcitation   = "%%CITATION = ARXIV:1304.2600;%%",
}

@article{LHCb-PAPER-2013-001,
      author         = "Aaij, R. and others",
      title          = "{Determination of the $X(3872)$ meson quantum numbers}",
      collaboration  = "LHCb collaboration",
      journal        = "Phys. Rev. Lett.",
      volume         = "110",
      pages          = "222001",
      doi            = "10.1103/PhysRevLett.110.222001",
      year           = "2013",
      eprint         = "1302.6269",
      archivePrefix  = "arXiv",
      primaryClass   = "hep-ex",
      report         = "LHCb-PAPER-2013-001, CERN-PH-EP-2013-017",
      SLACcitation   = "%%CITATION = ARXIV:1302.6269;%%",
}

@article{LHCb-PAPER-2012-057,
      author         = "Aaij, R. and others",
      title          = "{Measurements of the $\Lambda_b^0 \to J/\psi \Lambda$
                        decay amplitudes and the $\Lambda_b^0$ polarisation in
                        $pp$ collisions at $\sqrt{s} = 7$ TeV}",
      collaboration  = "LHCb collaboration",
      journal        = "Phys. Lett.",
      volume         = "B724",
      pages          = "27",
      doi            = "10.1016/j.physletb.2013.05.041",
      year           = "2013",
      eprint         = "1302.5578",
      archivePrefix  = "arXiv",
      primaryClass   = "hep-ex",
      SLACcitation   = "%%CITATION = ARXIV:1302.5578;%%",
}

@article{LHCb-PAPER-2012-056,
      author         = "Aaij, R. and others",
      title          = "{Search for the decay $B^0_s \to D^{*\mp}\pi^\pm$}",
      collaboration  = "LHCb collaboration",
      journal        = "Phys. Rev.",
      volume         = "D87",
      pages          = "071101(R)",
      doi            = "10.1103/PhysRevD.87.071101",
      year           = "2013",
      eprint         = "1302.6446",
      archivePrefix  = "arXiv",
      primaryClass   = "hep-ex",
      report         = "CERN-PH-EP-2013-025, LHCb-PAPER-2012-056",
      SLACcitation   = "%%CITATION = ARXIV:1302.6446;%%",
}

@article{LHCb-PAPER-2012-055,
      author         = "Aaij, R. and others",
      title          = "{Observation of the suppressed ADS modes $B^\pm \to [\pi^\pm K^\mp\pi^+\pi^-]_D K^\pm$ and $B^\pm \to [\pi^\pm K^\mp \pi^+\pi^-]_D \pi^\pm$}",
      collaboration  = "LHCb collaboration",
      journal        = "Phys. Lett.",
      volume         = "B723",
      pages          = "44",
      doi            = "10.1016/j.physletb.2013.05.009",
      year           = "2013",
      eprint         = "1303.4646",
      archivePrefix  = "arXiv",
      primaryClass   = "hep-ex",
      report         = "CERN-PH-EP-2013-038, LHCb-PAPER-2012-055",
      SLACcitation   = "%%CITATION = ARXIV:1303.4646;%%",
}

@article{LHCb-PAPER-2012-054,
      author         = "Aaij, R. and others",
      title          = "{Observation of the decay $B^+_c \to \psi(2S)\pi^+$}",
      collaboration  = "LHCb collaboration",
      journal        = "Phys. Rev.",
      volume         = "D87",
      pages          = "071103(R)",
      doi            = "10.1103/PhysRevD.87.071103",
      year           = "2013",
      eprint         = "1303.1737",
      archivePrefix  = "arXiv",
      primaryClass   = "hep-ex",
      report         = "CERN-PH-EP-2013-028, LHCb-PAPER-2012-054",
      SLACcitation   = "%%CITATION = ARXIV:1303.1737;%%",
}

@article{LHCb-PAPER-2012-053,
      author         = "Aaij, R. and others",
      title          = "{Observations of $B^0_s \to \psi(2S)\eta$ and $B^0_{(s)} \to \psi(2S)\pi^+\pi^-$ decays}",
      collaboration  = "LHCb collaboration",
      journal        = "Nucl. Phys.",
      volume         = "B871",
      pages          = "403 - 419",
      year           = "2013",
      doi            = "10.1016/j.nuclphysb.2013.03.004",
      eprint         = "1302.6354",
      archivePrefix  = "arXiv",
      primaryClass   = "hep-ex",
      report         = "CERN-PH-EP-2013-024, LHCb-PAPER-2012-053",
      SLACcitation   = "%%CITATION = ARXIV:1302.6354;%%",
}

@article{LHCb-PAPER-2012-052,
      author         = "Aaij, R. and others",
      title          = "{Search for $C\!P$ violation in $D^+ \to \phi \pi^+$ and $D_s^+ \to K^0_S \pi^+$ decays}",
      collaboration  = "LHCb collaboration",
      journal        = "JHEP",
      volume         = "06",
      pages          = "112",
      doi            = "10.1007/JHEP06(2013)112",
      year           = "2013",
      eprint         = "1303.4906",
      archivePrefix  = "arXiv",
      primaryClass   = "hep-ex",
      report         = "CERN-PH-EP-2013-021, LHCb-PAPER-2012-052",
      SLACcitation   = "%%CITATION = ARXIV:1303.4906;%%",
}

@article{LHCb-PAPER-2012-051,
      author         = "Aaij, R. and others",
      title          = "{Search for $D^+_{(s)} \to \pi^+\mu^+\mu^-$ and $D^+_{(s)} \to \pi^-\mu^+\mu^+$ decays}",
      collaboration  = "LHCb collaboration",
      journal        = "Phys. Lett.",
      volume         = "B724",
      pages          = "203",
      doi            = "10.1016/j.physletb.2013.06.010",
      year           = "2013",
      eprint         = "1304.6365",
      archivePrefix  = "arXiv",
      primaryClass   = "hep-ex",
      report         = "LHCb-PAPER-2012-051, CERN-PH-EP-2013-061",
      SLACcitation   = "%%CITATION = ARXIV:1304.6365;%%",
}

@article{LHCb-PAPER-2012-050,
      author         = "Aaij, R. and others",
      title          = "{First observations of $\overline{B}^0_s \to D^+D^-$, $D_s^+D^-$ and $D^0\overline{D}^0$ decays}",
      collaboration  = "LHCb collaboration",
      journal        = "Phys. Rev.",
      volume         = "D87",
      pages          = "092007",
      doi            = "10.1103/PhysRevD.87.092007",
      year           = "2013",
      eprint         = "1302.5854",
      archivePrefix  = "arXiv",
      primaryClass   = "hep-ex",
      report         = "LHCb-PAPER-2012-050, CERN-PH-EP-2013-018",
      SLACcitation   = "%%CITATION = ARXIV:1302.5854;%%",
}

@article{LHCb-PAPER-2012-049,
      author         = "Aaij, R. and others",
      title          = "{Search for rare $B_{(s)}^0 \to \mu^+\mu^-\mu^+\mu^-$ decays}",
      collaboration  = "LHCb collaboration",
      journal        = "Phys. Rev. Lett.",
      volume         = "110",
      pages          = "211801",
      doi            = "10.1103/PhysRevLett.110.211801",
      year           = "2013",
      eprint         = "1303.1092",
      archivePrefix  = "arXiv",
      primaryClass   = "hep-ex",
      report         = "CERN-PH-EP-2013-031, LHCb-PAPER-2012-049",
      SLACcitation   = "%%CITATION = ARXIV:1303.1092;%%",
}

@article{LHCb-PAPER-2012-048,
      author         = "Aaij, R. and others",
      title          = "{Measurements of the $\Lambda_b^0$, $\Xi_b^-$, and $\Omega_b^-$ baryon masses}",
      collaboration  = "LHCb collaboration",
      journal        = "Phys. Rev. Lett.",
      volume         = "110",
      pages          = "182001",
      doi            = "10.1103/PhysRevLett.110.182001",
      year           = "2013",
      eprint         = "1302.1072",
      archivePrefix  = "arXiv",
      primaryClass   = "hep-ex",
      report         = "CERN-PH-EP-2013-013, LHCb-PAPER-2012-048",
      SLACcitation   = "%%CITATION = ARXIV:1302.1072;%%",
}

@article{LHCb-PAPER-2012-047,
      author         = "Aaij, R. and others",
      title          = "{Measurements of the branching fractions of $B^+ \to p\overline{p}K^+$ decays}",
      collaboration  = "LHCb collaboration",
      journal        = "Eur. Phys. J.",
      volume         = "C73",
      pages          = "2462",
      doi            = "10.1140/epjc/s10052-013-2462-2",
      year           = "2013",
      eprint         = "1303.7133",
      archivePrefix  = "arXiv",
      primaryClass   = "hep-ex",
      report         = "LHCb-PAPER-2012-047, CERN-PH-EP-2013-040",
      SLACcitation   = "%%CITATION = ARXIV:1303.7133;%%",
}

@article{LHCb-PAPER-2012-046,
      author         = "Aaij, R. and others",
      title          = "{Study of $B^0 \to D^{*-} \pi^+ \pi^- \pi^+$ and $B^0 \to D^{*-} K^+ \pi^- \pi^+$ decays}",
      collaboration  = "LHCb collaboration",
      journal        = "Phys. Rev.",
      volume         = "D87",
      pages          = "092001",
      doi            = "10.1103/PhysRevD.87.092001",
      year           = "2013",
      eprint         = "1303.6861",
      archivePrefix  = "arXiv",
      primaryClass   = "hep-ex",
      report         = "LHCb-PAPER-2012-046, CERN-EP-PH-2013-041",
      SLACcitation   = "%%CITATION = ARXIV:1303.6861;%%",
}

@article{LHCb-PAPER-2012-045,
      author         = "Aaij, R. and others",
      title          = "{Analysis of the resonant components in $\overline{B}^0 \to J/\psi \pi^+\pi^-$}",
      collaboration  = "LHCb collaboration",
      journal        = "Phys. Rev.",
      volume         = "D87",
      pages          = "052001",
      doi            = "10.1103/PhysRevD.87.052001",
      year           = "2013",
      eprint         = "1301.5347",
      archivePrefix  = "arXiv",
      primaryClass   = "hep-ex",
      report         = "LHCb-PAPER-2012-045, CERN-PH-EP-2013-004",
      SLACcitation   = "%%CITATION = ARXIV:1301.5347;%%",
}

@article{LHCb-PAPER-2012-044,
      author         = "Aaij, R. and others",
      title          = "{Exclusive $J/\psi$ and $\psi(2S)$ production in $pp$ collisions at $\sqrt{s} = 7$ TeV}",
      collaboration  = "LHCb collaboration",
      journal        = "J. Phys.",
      volume         = "G40",
      pages          = "045001",
      doi            = "10.1088/0954-3899/40/4/045001",
      year           = "2013",
      eprint         = "1301.7084",
      archivePrefix  = "arXiv",
      primaryClass   = "hep-ex",
      report         = "CERN-PH-EP-2013-005, LHCb-PAPER-2012-044",
      SLACcitation   = "%%CITATION = ARXIV:1301.7084;%%",
}

@article{LHCb-PAPER-2012-043,
      author         = "Aaij, R. and others",
      title          = "{First evidence for the decay $B^0_s \to \mu^+\mu^-$}",
      collaboration  = "LHCb collaboration",
      journal        = "Phys. Rev. Lett.",
      volume         = "110",
      pages          = "021801",
      doi            = "10.1103/PhysRevLett.110.021801",
      year           = "2013",
      eprint         = "1211.2674",
      archivePrefix  = "arXiv",
      primaryClass   = "hep-ex",
      report         = "CERN-PH-EP-2012-335, LHCb-PAPER-2012-043",
      SLACcitation   = "%%CITATION = ARXIV:1211.2674;%%",
}

@article{LHCb-PAPER-2012-042,
      author         = "Aaij, R. and others",
      title          = "{Measurement of $C\!P$ observables in $B^0\to D K^{*0}$ with $D\to K^+K^-$}",
      collaboration  = "LHCb collaboration",
      journal        = "JHEP",
      volume         = "03",
      pages          = "067",
      doi            = "10.1007/JHEP03(2013)067",
      year           = "2013",
      eprint         = "1212.5205",
      archivePrefix  = "arXiv",
      primaryClass   = "hep-ex",
      report         = "CERN-PH-EP-2012-362, LHCb-PAPER-2012-042",
      SLACcitation   = "%%CITATION = ARXIV:1212.5205;%%",
}

@article{LHCb-PAPER-2012-041,
      author         = "Aaij, R. and others",
      title          = "{Prompt charm production in $pp$ collisions at $\sqrt{s}=7$ TeV}",
      collaboration  = "LHCb collaboration",
      journal        = "Nucl. Phys.",
      volume         = "B871",
      pages          = "1",
      doi            = "10.1016/j.nuclphysb.2013.02.010",
      year           = "2013",
      eprint         = "1302.2864",
      archivePrefix  = "arXiv",
      primaryClass   = "hep-ex",
      report         = "LHCb-PAPER-2012-041, CERN-PH-EP-2013-009",
      SLACcitation   = "%%CITATION = ARXIV:1302.2864;%%",
}

@article{LHCb-PAPER-2012-040,
      author         = "Aaij, R. and others",
      title          = "{Amplitude analysis and branching fraction measurement of $\overline{B}^0_s \to J/\psi K^+K^-$}",
      collaboration  = "LHCb collaboration",
      journal        = "Phys. Rev.",
      volume         = "D87",
      pages          = "072004",
      doi            = "10.1103/PhysRevD.87.072004",
      year           = "2013",
      eprint         = "1302.1213",
      archivePrefix  = "arXiv",
      primaryClass   = "hep-ex",
      report         = "LHCb-PAPER-2012-040, CERN-PH-EP-2013-008",
      SLACcitation   = "%%CITATION = ARXIV:1302.1213;%%",
}

@article{LHCb-PAPER-2012-039,
      author         = "Aaij, R. and others",
      title          = "{Measurement of $J/\psi$ production in $pp$ collisions at $\sqrt{s}=2.76$ TeV}",
      collaboration  = "LHCb collaboration",
      journal        = "JHEP",
      volume         = "02",
      pages          = "041",
      doi            = "10.1007/JHEP02(2013)041",
      year           = "2013",
      eprint         = "1212.1045",
      archivePrefix  = "arXiv",
      primaryClass   = "hep-ex",
      report         = "CERN-PH-EP-2012-349, LHCb-PAPER-2012-039",
      SLACcitation   = "%%CITATION = ARXIV:1212.1045;%%",
}

@article{LHCb-PAPER-2012-038,
      author         = "Aaij, R. and others",
      title          = "{Observation of $D^0$--$\overline{D}^0$ oscillations}",
      collaboration  = "LHCb collaboration",
      journal        = "Phys. Rev. Lett.",
      volume         = "110",
      pages          = "101802",
      doi            = "10.1103/PhysRevLett.110.101802",
      year           = "2013",
      eprint         = "1211.1230",
      archivePrefix  = "arXiv",
      primaryClass   = "hep-ex",
      report         = "CERN-PH-EP-2012-333, LHCb-PAPER-2012-038",
      SLACcitation   = "%%CITATION = ARXIV:1211.1230;%%",
}

@article{LHCb-PAPER-2012-037,
      author         = "Aaij, R. and others",
      title          = "{Measurement of the fragmentation fraction ratio $f_s/f_d$ and its dependence on $B$ meson kinematics}",
      collaboration  = "LHCb collaboration",
      journal        = "JHEP",
      volume         = "04",
      pages          = "001",
      doi            = "10.1007/JHEP04(2013)001",
      year           = "2013",
      eprint         = "1301.5286",
      archivePrefix  = "arXiv",
      primaryClass   = "hep-ex",
      report         = "CERN-PH-EP-2013-006, LHCb-PAPER-2012-037",
      SLACcitation   = "%%CITATION = ARXIV:1301.5286;%%",
}

@article{LHCb-PAPER-2012-036,
      author         = "Aaij, R. and others",
      title          = "{Measurement of the cross-section for $Z \to e^+e^-$ production in $pp$ collisions at $\sqrt{s}=7$ TeV}",
      collaboration  = "LHCb collaboration",
      journal        = "JHEP",
      volume         = "02",
      pages          = "106",
      doi            = "10.1007/JHEP02(2013)106",
      year           = "2013",
      eprint         = "1212.4620",
      archivePrefix  = "arXiv",
      primaryClass   = "hep-ex",
      report         = "CERN-PH-EP-2012-363, LHCb-PAPER-2012-036",
      SLACcitation   = "%%CITATION = ARXIV:1212.4620;%%",
}

@article{LHCb-PAPER-2012-035,
      author         = "Aaij, R. and others",
      title          = "{Measurement of the time-dependent $C\!P$ asymmetry in $B^0 \to \jpsi K^0_S$ decays}",
      collaboration  = "LHCb collaboration",
      journal        = "Phys. Lett.",
      volume         = "B721",
      pages          = "24",
      doi            = "10.1016/j.physletb.2013.02.054",
      year           = "2013",
      eprint         = "1211.6093",
      archivePrefix  = "arXiv",
      primaryClass   = "hep-ex",
      report         = "LHCb-PAPER-2012-035, CERN-PH-EP-2012-331",
      SLACcitation   = "%%CITATION = ARXIV:1211.6093;%%",
}

@article{LHCb-PAPER-2012-034,
      author         = "Aaij, R. and others",
      title          = "{Measurement of the forward energy flow in $pp$ collisions at $\sqrt{s}= 7$ TeV}",
      collaboration  = "LHCb collaboration",
      journal        = "Eur. Phys. J.",
      volume         = "C73",
      pages          = "2421",
      doi            = "10.1140/epjc/s10052-013-2421-y",
      year           = "2013",
      eprint         = "1212.4755",
      archivePrefix  = "arXiv",
      primaryClass   = "hep-ex",
      report         = "CERN-PH-EP-2012-346, LHCb-PAPER-2012-034",
      SLACcitation   = "%%CITATION = ARXIV:1212.4755;%%",
}

@article{LHCb-PAPER-2012-033,
      author         = "Aaij, R. and others",
      title          = "{First observation of the decays $\overline{B}^0_{(s)} \to D_s^+ K^- \pi^+\pi^-$ and $\overline{B}^0_s \to D_{s1}(2536)^+\pi^-$}",
      collaboration  = "LHCb collaboration",
      journal        = "Phys. Rev.",
      volume         = "D86",
      pages          = "112005",
      doi            = "10.1103/PhysRevD.86.112005",
      year           = "2012",
      eprint         = "1211.1541",
      archivePrefix  = "arXiv",
      primaryClass   = "hep-ex",
      report         = "LHCb-PAPER-2012-033, CERN-PH-EP-2012-327",
      SLACcitation   = "%%CITATION = ARXIV:1211.1541;%%",
}

@article{LHCb-PAPER-2012-032,
      author         = "Aaij, R. and others",
      title          = "{Measurement of the $B^0$--$\overline{B}^0$ oscillation frequency $\Delta m_d$ with the decays $B^0 \to D^- \pi^+$ and $B^0 \to J/\psi K^{*0}$}",
      collaboration  = "LHCb collaboration",
      journal        = "Phys. Lett.",
      volume         = "B719",
      pages          = "318",
      doi            = "10.1016/j.physletb.2013.01.019",
      year           = "2013",
      eprint         = "1210.6750",
      archivePrefix  = "arXiv",
      primaryClass   = "hep-ex",
      report         = "LHCb-PAPER-2012-032, CERN-PH-EP-2012-315",
      SLACcitation   = "%%CITATION = ARXIV:1210.6750;%%",
}

@article{LHCb-PAPER-2012-031,
      author         = "{R. Aaij \emph{et al.}, and A. Bharucha} and others",
      title          = "{Implications of LHCb measurements and future prospects}",
      collaboration  = "LHCb collaboration",
      journal        = "Eur. Phys. J.",
      volume         = "C73",
      pages          = "2373",
      doi            = "10.1140/epjc/s10052-013-2373-2",
      year           = "2013",
      eprint         = "1208.3355",
      archivePrefix  = "arXiv",
      primaryClass   = "hep-ex",
      report         = "LHCB-PUB-2012-006, LHCb-PAPER-2012-031,
                        CERN-PH-EP-2012-334",
      SLACcitation   = "%%CITATION = ARXIV:1208.3355;%%",
}

@article{LHCb-PAPER-2012-030,
      author         = "Aaij, R. and others",
      title          = "{First observation of the decay $B_{s2}^*(5840)^0 \to
                        B^{*+} K^-$ and studies of excited $B_s$ mesons}",
      collaboration  = "LHCb collaboration",
      journal        = "Phys. Rev. Lett.",
      volume         = "110",
      pages          = "151803",
      doi            = "10.1103/PhysRevLett.110.151803",
      year           = "2013",
      eprint         = "1211.5994",
      archivePrefix  = "arXiv",
      primaryClass   = "hep-ex",
      report         = "LHCb-PAPER-2012-030, CERN-PH-EP-2012-340",
      SLACcitation   = "%%CITATION = ARXIV:1211.5994;%%",
}

@article{LHCb-PAPER-2012-029,
      author         = "Aaij, R. and others",
      title          = "{A study of the $Z$ production cross-section in $pp$ collisions at $\sqrt{s}=7$ TeV using tau final states}",
      collaboration  = "LHCb collaboration",
      journal        = "JHEP",
      volume         = "01",
      pages          = "111",
      doi            = "10.1007/JHEP01(2013)111",
      year           = "2013",
      eprint         = "1210.6289",
      archivePrefix  = "arXiv",
      primaryClass   = "hep-ex",
      report         = "LHCb-PAPER-2012-029, CERN-PH-EP-2012-314",
      SLACcitation   = "%%CITATION = ARXIV:1210.6289;%%",
}

@article{LHCb-PAPER-2012-028,
      author         = "Aaij, R. and others",
      title          = "{Measurements of $B_c^+$ production and mass with the
                        $B_c^+ \to J/\psi \pi^+$ decay}",
      collaboration  = "LHCb collaboration",
      journal        = "Phys. Rev. Lett.",
      volume         = "109",
      pages          = "232001",
      doi            = "10.1103/PhysRevLett.109.232001",
      year           = "2012",
      eprint         = "1209.5634",
      archivePrefix  = "arXiv",
      primaryClass   = "hep-ex",
      report         = "LHCb-PAPER-2012-028, CERN-PH-EP-2012-275",
      SLACcitation   = "%%CITATION = ARXIV:1209.5634;%%",
}

@article{LHCb-PAPER-2012-027,
      author         = "Aaij, R. and others",
      title          = "{A model-independent Dalitz plot analysis of $B^\pm \to D
                        K^\pm$ with $D \to K^0_S h^+h^-$ ($h=\pi, K$) decays
                        and constraints on the CKM angle $\gamma$}",
      collaboration  = "LHCb collaboration",
      journal        = "Phys. Lett.",
      volume         = "B718",
      pages          = "43-55",
      doi            = "10.1016/j.physletb.2012.10.020",
      year           = "2012",
      eprint         = "1209.5869",
      archivePrefix  = "arXiv",
      primaryClass   = "hep-ex",
      report         = "CERN-PH-EP-2012-268, LHCb-PAPER-2012-027",
      SLACcitation   = "%%CITATION = ARXIV:1209.5869;%%",
}

@article{LHCb-PAPER-2012-026,
      author         = "Aaij, R. and others",
      title          = "{Measurement of the $D^\pm$ production asymmetry in 7 TeV $pp$ collisions}",
      collaboration  = "LHCb collaboration",
      journal        = "Phys. Lett.",
      volume         = "B718",
      pages          = "902-909",
      doi            = "10.1016/j.physletb.2012.11.038",
      year           = "2013",
      eprint         = "1210.4112",
      archivePrefix  = "arXiv",
      primaryClass   = "hep-ex",
      report         = "LHCb-PAPER-2012-026, CERN-PH-EP-2012-305",
      SLACcitation   = "%%CITATION = ARXIV:1210.4112;%%",
}

@article{LHCb-PAPER-2012-025,
      author         = "Aaij, R. and others",
      title          = "{First evidence for the annihilation decay mode $B^+ \to D_s^+\phi$}",
      collaboration  = "LHCb collaboration",
      journal        = "JHEP",
      volume         = "02",
      pages          = "043",
      doi            = "10.1007/JHEP02(2013)043",
      year           = "2013",
      eprint         = "1210.1089",
      archivePrefix  = "arXiv",
      primaryClass   = "hep-ex",
      report         = "CERN-PH-EP-2012-286, LHCb-PAPER-2012-025",
      SLACcitation   = "%%CITATION = ARXIV:1210.1089;%%",
}

@article{LHCb-PAPER-2012-024,
      author         = "Aaij, R. and others",
      title          = "{Differential branching fraction and angular analysis of
                        the $B^+ \to K^+\mu^+\mu^-$ decay}",
      collaboration  = "LHCb collaboration",
      journal        = "JHEP",
      volume         = "02",
      pages          = "105",
      doi            = "10.1007/JHEP02(2013)105",
      year           = "2013",
      eprint         = "1209.4284",
      archivePrefix  = "arXiv",
      primaryClass   = "hep-ex",
      report         = "LHCb-PAPER-2012-024, CERN-PH-EP-2012-263",
      SLACcitation   = "%%CITATION = ARXIV:1209.4284;%%",
}

@article{LHCb-PAPER-2012-023,
      author         = "Aaij, R. and others",
      title          = "{Search for the rare decay $K^0_S \to \mu^+ \mu^-$}",
      collaboration  = "LHCb collaboration",
      journal        = "JHEP",
      volume         = "01",
      pages          = "090",
      doi            = "10.1007/JHEP01(2013)090",
      year           = "2013",
      eprint         = "1209.4029",
      archivePrefix  = "arXiv",
      primaryClass   = "hep-ex",
      report         = "CERN-PH-EP-2012-267, LHCb-PAPER-2012-023",
      SLACcitation   = "%%CITATION = ARXIV:1209.4029;%%",
}

@article{LHCb-PAPER-2012-022,
      author         = "Aaij, R. and others",
      title          = "{Evidence for the decay $B^0 \to J/\psi \omega$ and measurement of the relative branching fractions of $B^0_s$ meson decays to $J/\psi \eta$ and $J/\psi \eta^\prime$}",
      collaboration  = "LHCb collaboration",
      journal        = "Nucl. Phys.",
      volume         = "B867",
      pages          = "547-566",
      doi            = "10.1016/j.nuclphysb.2012.10.021",
      year           = "2013",
      eprint         = "1210.2631",
      archivePrefix  = "arXiv",
      primaryClass   = "hep-ex",
      report         = "CERN-PH-EP2012-287, LHCb-PAPER-2012-022",
      SLACcitation   = "%%CITATION = ARXIV:1210.2631;%%",
}

@article{LHCb-PAPER-2012-021,
      author         = "Aaij, R. and others",
      title          = "{Measurement of the $C\!P$ asymmetry in $B^0 \to K^{*0} \mu^+ \mu^-$ decays}",
      collaboration  = "LHCb collaboration",
      journal        = "Phys. Rev. Lett.",
      volume         = "110",
      pages          = "031801",
      doi            = "10.1103/PhysRevLett.110.031801",
      year           = "2013",
      eprint         = "1210.4492",
      archivePrefix  = "arXiv",
      primaryClass   = "hep-ex",
      report         = "LHCb-PAPER-2012-021, CERN-PH-EP-2012-302",
      SLACcitation   = "%%CITATION = ARXIV:1210.4492;%%",
}

@article{LHCb-PAPER-2012-020,
      author         = "Aaij, R. and others",
      title          = "{First observation of the decay $B^+ \to \pi^+ \mu^+\mu^-$}",
      collaboration  = "LHCb collaboration",
      journal        = "JHEP",
      volume         = "12",
      pages          = "125",
      doi            = "10.1007/JHEP12(2012)125",
      year           = "2012",
      eprint         = "1210.2645",
      archivePrefix  = "arXiv",
      primaryClass   = "hep-ex",
      report         = "LHCb-PAPER-2012-020, CERN-PH-EP-2012-284",
      SLACcitation   = "%%CITATION = ARXIV:1210.2645;%%",
}

@article{LHCb-PAPER-2012-019,
      author         = "Aaij, R. and others",
      title          = "{Measurement of the ratio of branching fractions $\mathcal{B}(B^0 \to K^{*0} \gamma) / \mathcal{B}(B^0_s \to \phi \gamma)$ and the direct $C\!P$ asymmetry in $B^0 \to K^{*0} \gamma$}",
      collaboration  = "LHCb collaboration",
      journal        = "Nucl. Phys.",
      volume         = "B867",
      pages          = "1-18",
      doi            = "10.1016/j.nuclphysb.2012.09.013",
      year           = "2013",
      eprint         = "1209.0313",
      archivePrefix  = "arXiv",
      primaryClass   = "hep-ex",
      report         = "LHCb-PAPER-2012-019, CERN-PH-EP-2012-247",
      SLACcitation   = "%%CITATION = ARXIV:1209.0313;%%",
}

@article{LHCb-PAPER-2012-018,
      author         = "Aaij, R. and others",
      title          = "{Observation of $B^0 \to \overline{D}^0 K^+ K^-$ and evidence for $B^0_s \to \overline{D}^0 K^+ K^-$}",
      collaboration  = "LHCb collaboration",
      journal        = "Phys. Rev. Lett.",
      volume         = "109",
      pages          = "131801",
      doi            = "10.1103/PhysRevLett.109.131801",
      year           = "2012",
      eprint         = "1207.5991",
      archivePrefix  = "arXiv",
      primaryClass   = "hep-ex",
      SLACcitation   = "%%CITATION = ARXIV:1207.5991;%%",
}

@article{LHCb-PAPER-2012-017,
      author         = "Aaij, R. and others",
      title          = "{Measurement of the $\overline{B}^0_s$ effective lifetime in the $J/\psi f_0(980)$ final state}",
      collaboration  = "LHCb collaboration",
      journal        = "Phys. Rev. Lett.",
      volume         = "109",
      pages          = "152002",
      doi            = "10.1103/PhysRevLett.109.152002",
      year           = "2012",
      eprint         = "1207.0878",
      archivePrefix  = "arXiv",
      primaryClass   = "hep-ex",
      SLACcitation   = "%%CITATION = ARXIV:1207.0878;%%",
}

@article{LHCb-PAPER-2012-016,
      author         = "Aaij, R. and others",
      title          = "{Study of $D_{sJ}$ decays to $D^+K^0_S$ and $D^0K^+$ final states in $pp$ collisions}", 
      collaboration  = "LHCb collaboration",
      journal        = "JHEP",
      volume         = "10",
      pages          = "151",
      doi            = "10.1007/JHEP10(2012)151",
      year           = "2012",
      eprint         = "1207.6016",
      archivePrefix  = "arXiv",
      primaryClass   = "hep-ex",
      SLACcitation   = "%%CITATION = ARXIV:1207.6016;%%",
}

@article{LHCb-PAPER-2012-015,
      author         = "Aaij, R. and others",
      title          = "{Measurement of the fraction of $\Upsilon(1S)$ originating from $\chi_b(1P)$ decays in $pp$ collisions at $\sqrt{s}=7$ TeV}",
      collaboration  = "LHCb collaboration",
      journal        = "JHEP",
      volume         = "11",
      pages          = "031",
      doi            = "10.1007/JHEP11(2012)031",
      year           = "2012",
      eprint         = "1209.0282",
      archivePrefix  = "arXiv",
      primaryClass   = "hep-ex",
      report         = "CERN-PH-EP-2012-237, LHCb-PAPER-2012-015",
      SLACcitation   = "%%CITATION = ARXIV:1209.0282;%%",
}

@article{LHCb-PAPER-2012-014,
      author         = "Aaij, R. and others",
      title          = "{Measurement of the $B^0_s \to J/\psi \overline{K}^{*0}$ branching fraction and angular amplitudes}",
      collaboration  = "LHCb collaboration",
      journal        = "Phys. Rev.",
      volume         = "D86",
      pages          = "071102(R)",
      doi            = "10.1103/PhysRevD.86.071102",
      year           = "2012",
      eprint         = "1208.0738",
      archivePrefix  = "arXiv",
      primaryClass   = "hep-ex",
      report         = "CERN-PH-EP-2012-214, LHCb-PAPER-2012-014",
      SLACcitation   = "%%CITATION = ARXIV:1208.0738;%%",
}

@article{LHCb-PAPER-2012-013,
      author         = "Aaij, R. and others",
      title          = "{Measurement of the effective $B_s^0 \to K^+ K^-$ lifetime}",
      collaboration  = "LHCb collaboration",
      journal        = "Phys. Lett.",
      volume         = "B716",
      pages          = "393-400",
      doi            = "10.1016/j.physletb.2012.08.033",
      year           = "2012",
      eprint         = "1207.5993",
      archivePrefix  = "arXiv",
      primaryClass   = "hep-ex",
      SLACcitation   = "%%CITATION = ARXIV:1207.5993;%%",

}

@article{LHCb-PAPER-2012-012,
      author         = "Aaij, R. and others",
      title          = "{Observation of excited $\Lambda_b^0$ baryons}",
      collaboration  = "LHCb collaboration",
      journal        = "Phys. Rev. Lett.",
      volume         = "109",
      pages          = "172003",
      doi            = "10.1103/PhysRevLett.109.172003",
      year           = "2012",
      eprint         = "1205.3452",
      archivePrefix  = "arXiv",
      primaryClass   = "hep-ex",
      report         = "LHCb-PAPER-2012-12, CERN-PH-EP-2012-128",
      SLACcitation   = "%%CITATION = ARXIV:1205.3452;%%",
}

@article{LHCb-PAPER-2012-011,
      author         = "Aaij, R. and others",
      title          = "{Measurement of the isospin asymmetry in $B \to K^{(*)}\mu^ + \mu^-$ decays}",
      collaboration  = "LHCb collaboration",
      journal        = "JHEP",
      volume         = "07",
      pages          = "133",
      doi            = "10.1007/JHEP07(2012)133",
      year           = "2012",
      eprint         = "1205.3422",
      archivePrefix  = "arXiv",
      primaryClass   = "hep-ex",
      report         = "CERN-PH-EP-2012-129, LHCb-PAPER-2012-011",
      SLACcitation   = "%%CITATION = ARXIV:1205.3422;%%",
}

@article{LHCb-PAPER-2012-010,
      author         = "Aaij, R. and others",
      title          = "{Measurement of relative branching fractions of $B$ decays to $\psi(2S)$ and $J/\psi$ mesons}",
      collaboration  = "LHCb collaboration",
      journal        = "Eur. Phys. J.",
      volume         = "C72",
      pages          = "2118",
      doi            = "10.1140/epjc/s10052-012-2118-7",
      year           = "2012",
      eprint         = "1205.0918",
      archivePrefix  = "arXiv",
      primaryClass   = "hep-ex",
      report         = "CERN-PH-2012-113, LHCb-PAPER-2012-010",
      SLACcitation   = "%%CITATION = ARXIV:1205.0918;%%",
}

@article{LHCb-PAPER-2012-009,
      author         = "Aaij, R. and others",
      title          = "{Measurement of the $D_s^+$--$D_s^-$ production asymmetry in 7 TeV $pp$ collisions}",
      collaboration  = "LHCb collaboration",
      journal        = "Phys. Lett.",
      volume         = "B713",
      pages          = "186-195",
      doi            = "10.1016/j.physletb.2012.06.001",
      year           = "2012",
      eprint         = "1205.0897",
      archivePrefix  = "arXiv",
      primaryClass   = "hep-ex",
      report         = "CERN-PH-EP-2012-114, LHCb-PAPER-2012-009",
      SLACcitation   = "%%CITATION = ARXIV:1205.0897;%%",
}

@article{LHCb-PAPER-2012-008,
      author         = "Aaij, R and others",
      title          = "{Inclusive $W$ and $Z$ production in the forward region
                        at $\sqrt{s}=7$ TeV}",
      collaboration  = "LHCb collaboration",
      journal        = "JHEP",
      volume         = "06",
      pages          = "058",
      doi            = "10.1007/JHEP06(2012)058",
      year           = "2012",
      eprint         = "1204.1620",
      archivePrefix  = "arXiv",
      primaryClass   = "hep-ex",
      report         = "CERN-PH-2012-099, LHCb-PAPER-2012-008",
      SLACcitation   = "%%CITATION = ARXIV:1204.1620;%%",
}

@article{LHCb-PAPER-2012-007,
      author         = "Aaij, R. and others",
      title          = "{Strong constraints on the rare decays $B^0_s \to \mu^+
                        \mu^-$ and $B^0 \to \mu^+ \mu^-$}",
      collaboration  = "LHCb collaboration",
      journal        = "Phys. Rev. Lett.",
      volume         = "108",
      pages          = "231801",
      doi            = "10.1103/PhysRevLett.108.231801",
      year           = "2012",
      eprint         = "1203.4493",
      archivePrefix  = "arXiv",
      primaryClass   = "hep-ex",
      report         = "CERN-PH-EP-2012-072, LHCb-PAPER-2012-007",
      SLACcitation   = "%%CITATION = ARXIV:1203.4493;%%",
}

@article{LHCb-PAPER-2012-006,
      author         = "Aaij, R. and others",
      title          = "{Measurement of the $C\!P$-violating phase $\phi_s$ in $\overline{B}^0_s \to J/\psi \pi^+\pi^-$ decays}",
      collaboration  = "LHCb collaboration",
      journal        = "Phys. Lett.",
      volume         = "B713",
      pages          = "378-386",
      doi            = "10.1016/j.physletb.2012.06.032",
      year           = "2012",
      eprint         = "1204.5675",
      archivePrefix  = "arXiv",
      primaryClass   = "hep-ex",
      report         = "CERN-PH-EP-2012-107, LHCb-PAPER-2012-006",
      SLACcitation   = "%%CITATION = ARXIV:1204.5675;%%",
}

@article{LHCb-PAPER-2012-005,
      author         = "Aaij, R. and others",
      title          = "{Analysis of the resonant components in $\overline{B}^0_s \to J/\psi \pi^+\pi^-$}",
      collaboration  = "LHCb collaboration",
      journal        = "Phys. Rev.",
      volume         = "D86",
      pages          = "052006",
      doi            = "10.1103/PhysRevD.86.052006",
      year           = "2012",
      eprint         = "1204.5643",
      archivePrefix  = "arXiv",
      primaryClass   = "hep-ex",
      report         = "CERN-PH-EP-2012-111, LHCb-PAPER-2012-005",
      SLACcitation   = "%%CITATION = ARXIV:1204.5643;%%",
}

@article{LHCb-PAPER-2012-004,
      author         = "Aaij, R and others",
      title          = "{Measurement of the polarization amplitudes and triple
                        product asymmetries in the $B^0_s \to \phi \phi$ decay}",
      collaboration  = "LHCb collaboration",
      journal        = "Phys. Lett.",
      volume         = "B713",
      pages          = "369-377",
      doi            = "10.1016/j.physletb.2012.06.012",
      year           = "2012",
      eprint         = "1204.2813",
      archivePrefix  = "arXiv",
      primaryClass   = "hep-ex",
      report         = "CERN-PH-EP-2012-092, LHCb-PAPER-2012-004",
      SLACcitation   = "%%CITATION = ARXIV:1204.2813;%%",
}

@article{LHCb-PAPER-2012-003,
      author         = "Aaij, R. and others",
      title          = "{Observation of double charm production involving open charm in $pp$ collisions at $\sqrt{s}=7$ TeV}",
      collaboration  = "LHCb collaboration",
      journal        = "JHEP",
      volume         = "06",
      pages          = "141",
      doi            = "10.1007/JHEP06(2012)141",
      year           = "2012",
      eprint         = "1205.0975",
      archivePrefix  = "arXiv",
      primaryClass   = "hep-ex",
      report         = "CERN-PH-2012-109, LHCb-PAPER-2012-003",
      extraPrefix    = "Addendum",
      extraVolume    = "03",
      extraPages     = "108",
      extraYear      = "2014",
      extraDoi       = "10.1007/JHEP03(2014)108",
      SLACcitation   = "%%CITATION = ARXIV:1205.0975;%%",
}

@article{LHCb-PAPER-2012-002,
      author         = "Aaij, R and others",
      title          = "{Measurement of $b$-hadron branching fractions for
                        two-body decays into charmless charged hadrons}",
      collaboration  = "LHCb collaboration",
      journal        = "JHEP",
      volume         = "10",
      pages          = "037",
      doi            = "10.1007/JHEP10(2012)037",
      year           = "2012",
      eprint         = "1206.2794",
      archivePrefix  = "arXiv",
      primaryClass   = "hep-ex",
      report         = "LHCb-PAPER-2012-002, CERN-PH-EP-2012-161",
      SLACcitation   = "%%CITATION = ARXIV:1206.2794;%%",
}

@article{LHCb-PAPER-2012-001,
      author         = "Aaij, R. and others",
      title          = "{Observation of $C\!P$ violation in $B^\pm \to D K^\pm$ decays}",
      collaboration  = "LHCb collaboration",
      journal        = "Phys. Lett.",
      volume         = "B712",
      pages          = "203", 
      doi            = "10.1016/j.physletb.2012.04.060",
      year           = "2012",
      eprint         = "1203.3662",
      archivePrefix  = "arXiv",
      primaryClass   = "hep-ex",
      report         = "LHCb-PAPER-2012-001, CERN-PH-EP-2012-071",
      extraPrefix    = "Erratum",
      extraVolume    = "B713",
      extraPages     = "351",
      extraYear      = "2012",
      extraDoi       = "10.1016/j.physletb.2012.05.060",
      SLACcitation   = "%%CITATION = ARXIV:1203.3662;%%",
}

@article{LHCb-PAPER-2011-045,
      author         = "Aaij, R and others",
      title          = "{Measurement of $\psi(2S)$ meson production in $pp$ collisions at $\sqrt{s}=7$ TeV}",
      collaboration  = "LHCb collaboration",
      journal        = "Eur. Phys. J.",
      volume         = "C72",
      pages          = "2100",
      doi            = "10.1140/epjc/s10052-012-2100-4",
      year           = "2012",
      eprint         = "1204.1258",
      archivePrefix  = "arXiv",
      primaryClass   = "hep-ex",
      report         = "LHCb-PAPER-2011-045, CERN-PH-EP-2012-094",
      SLACcitation   = "%%CITATION = ARXIV:1204.1258;%%",
}

@article{LHCb-PAPER-2011-044,
      author         = "Aaij, R. and others",
      title          = "{First observation of the decay $B_c^+ \to J/\psi \pi^+\pi^-\pi^+$}",
      collaboration  = "LHCb collaboration",
      journal        = "Phys. Rev. Lett.",
      volume         = "108",
      pages          = "251802",
      doi            = "10.1103/PhysRevLett.108.251802",
      year           = "2012",
      eprint         = "1204.0079",
      archivePrefix  = "arXiv",
      primaryClass   = "hep-ex",
      report         = "LHCb-PAPER-2011-044, CERN-PH-EP-2012-090",
      SLACcitation   = "%%CITATION = ARXIV:1204.0079;%%",
}

@article{LHCb-PAPER-2011-043,
      author         = "Aaij, R. and others",
      title          = "{Measurement of the $B^\pm$ production cross-section in $pp$ collisions at $\sqrt{s}=7$ TeV}",
      collaboration  = "LHCb collaboration",
      journal        = "JHEP",
      volume         = "04",
      pages          = "093",
      doi            = "10.1007/JHEP04(2012)093",
      year           = "2012",
      eprint         = "1202.4812",
      archivePrefix  = "arXiv",
      primaryClass   = "hep-ex",
      report         = "LHCb-PAPER-2011-043, CERN-EP-PH-2012-047",
}

@article{LHCb-PAPER-2011-042,
      author         = "Aaij, R. and others",
      title          = "{Measurement of the ratio of branching fractions
                        $\mathcal{B}(B^0\to
                        K^{*0}\gamma)/\mathcal{B}(B_s^0\to\phi\gamma)$}",
      collaboration  = "LHCb collaboration",
      journal        = "Phys. Rev.",
      volume         = "D85",
      pages          = "112013",
      doi            = "10.1103/PhysRevD.85.112013",
      year           = "2012",
      eprint         = "1202.6267",
      archivePrefix  = "arXiv",
      primaryClass   = "hep-ex",
      report         = "CERN-PH-2012-041, ",
      SLACcitation   = "%%CITATION = ARXIV:1202.6267;%%",
}

@article{LHCb-PAPER-2011-041,
      author         = "Aaij, R. and others",
      title          = "{Measurement of the $B^0_s \to J/\psi K^0_S$ branching fraction}",
      collaboration  = "LHCb collaboration",
      journal        = "Phys. Lett.",
      volume         = "B713",
      pages          = "172-179",
      doi            = "10.1016/j.physletb.2012.05.062",
      year           = "2012",
      eprint         = "1205.0934",
      archivePrefix  = "arXiv",
      primaryClass   = "hep-ex",
      report         = "CERN-PH-EP-2012-115, LHCb-PAPER-2011-041",
      SLACcitation   = "%%CITATION = ARXIV:1205.0934;%%",
}

@article{LHCb-PAPER-2011-040,
      author         = "Aaij, R. and others",
      title          = "{First observation of the decays $\overline{B}^0 \to D^+ K^-\pi^+\pi^-$ and $B^- \to D^0 K^- \pi^+ \pi^-$}",
      collaboration  = "LHCb collaboration",
      journal        = "Phys. Rev. Lett.",
      volume         = "108",
      pages          = "161801",
      doi            = "10.1103/PhysRevLett.108.161801",
      year           = "2012",
      eprint         = "1201.4402",
      archivePrefix  = "arXiv",
      primaryClass   = "hep-ex",
      report         = "LHCb-PAPER-2011-040, CERN-EP-PH-2011-229",
      SLACcitation   = "%%CITATION = ARXIV:1201.4402;%%",
}

@article{LHCb-PAPER-2011-038,
      author         = "Aaij, R. and others",
      title          = "{Searches for Majorana neutrinos in $B^-$ decays}",
      collaboration  = "LHCb collaboration",
      journal        = "Phys. Rev.",
      volume         = "D85",
      pages          = "112004",
      doi            = "10.1103/PhysRevD.85.112004",
      year           = "2012",
      eprint         = "1201.5600",
      archivePrefix  = "arXiv",
      primaryClass   = "hep-ex",
      report         = "CERN-PH-EP-2012-006, LHCb-PAPER-2011-038",
      SLACcitation   = "%%CITATION = ARXIV:1201.5600;%%",
}

@article{LHCb-PAPER-2011-037,
      author         = "Aaij, R. and others",
      title          = "{Measurement of prompt hadron production ratios in $pp$
                        collisions at $\sqrt{s} = $ 0.9 and 7 TeV}",
      collaboration  = "LHCb collaboration",
      journal        = "Eur. Phys. J.",
      volume         = "C72",
      pages          = "2168",
      doi            = "10.1140/epjc/s10052-012-2168-x",
      year           = "2012",
      eprint         = "1206.5160",
      archivePrefix  = "arXiv",
      primaryClass   = "hep-ex",
      report         = "LHCb-PAPER-2011-037, CERN-PH-EP-2012-171",
      SLACcitation   = "%%CITATION = ARXIV:1206.5160;%%",
}

@article{LHCb-PAPER-2011-036,
      author         = "Aaij, R. and others",
      title          = "{Measurement of $\Upsilon$ production in $pp$ collisions at $\sqrt{s}=7$ TeV}",
      collaboration  = "LHCb collaboration",
      journal        = "Eur. Phys. J.",
      volume         = "C72",
      pages          = "2025",
      doi            = "10.1140/epjc/s10052-012-2025-y",
      year           = "2012",
      eprint         = "1202.6579",
      archivePrefix  = "arXiv",
      primaryClass   = "hep-ex",
      report         = "CERN-PH-EP-2012-051, LHCb-PAPER-2011-036",
      SLACcitation   = "%%CITATION = ARXIV:1202.6579;%%",
}

@article{LHCb-PAPER-2011-035,
      author         = "Aaij, R. and others",
      title          = "{Measurement of $b$-hadron masses}",
      collaboration  = "LHCb collaboration",
      journal        = "Phys. Lett.",
      volume         = "B708",
      pages          = "241",
      doi            = "10.1016/j.physletb.2012.01.058",
      year           = "2012",
      eprint         = "1112.4896",
      archivePrefix  = "arXiv",
      primaryClass   = "hep-ex",
      report         = "LHCb-PAPER-2011-035, CERN-PH-EP-2011-226",
      SLACcitation   = "%%CITATION = ARXIV:1112.4896;%%",
}

@article{LHCb-PAPER-2011-034,
      author         = "Aaij, R. and others",
      title          = "{Observation of $X(3872)$ production in $pp$
                        collisions at $\sqrt{s}=7$ TeV}",
      collaboration  = "LHCb collaboration",
      journal        = "Eur. Phys. J.",
      volume         = "C72",
      pages          = "1972",
      doi            = "10.1140/epjc/s10052-012-1972-7",
      year           = "2011",
      eprint         = "1112.5310",
      archivePrefix  = "arXiv",
      primaryClass   = "hep-ex",
      report         = "LHCb-PAPER-2011-034, CERN-PH-EP-2011-216",
      SLACcitation   = "%%CITATION = ARXIV:1112.5310;%%",
}

@article{LHCb-PAPER-2011-033,
      author         = "Aaij, R. and others",
      title          = "{Search for the $X(4140)$ state in $B^+\to J/\psi\phi K^+$ decays}",
      collaboration  = "LHCb collaboration",
      journal        = "Phys. Rev.",
      volume         = "D85",
      pages          = "091103(R)",
      doi            = "10.1103/PhysRevD.85.091103",
      year           = "2012",
      eprint         = "1202.5087",
      archivePrefix  = "arXiv",
      primaryClass   = "hep-ex",
      report         = "LHCb-PAPER-2011-033, CERN-PH-EP-2012-004",
}

@article{LHCb-PAPER-2011-032,
      author         = "Aaij, R. and others",
      title          = "{Measurement of mixing and $C\!P$ violation parameters in
                        two-body charm decays}",
      collaboration  = "LHCb collaboration",
      journal        = "JHEP",
      volume         = "04",
      pages          = "129",
      doi            = "10.1007/JHEP04(2012)129",
      year           = "2012",
      eprint         = "1112.4698",
      archivePrefix  = "arXiv",
      primaryClass   = "hep-ex",
      report         = "LHCb-PAPER-2011-032, CERN-PH-EP-2011-206",
      SLACcitation   = "%%CITATION = ARXIV:1112.4698;%%",
}

@article{LHCb-PAPER-2011-031,
      author         = "Aaij, R. and others",
      title          = "{Measurement of the $C\!P$ violating phase $\phi_s$ in
                        $\overline{B}^0_s \to J/\psi f_0(980)$}",
      collaboration  = "LHCb collaboration",
      journal        = "Phys. Lett.",
      volume         = "B707",
      pages          = "497",
      doi            = "10.1016/j.physletb.2012.01.017",
      year           = "2012",
      eprint         = "1112.3056",
      archivePrefix  = "arXiv",
      primaryClass   = "hep-ex",
      report         = "CERN-PH-EP-2011-205, LHCb-PAPER-2011-031",
      SLACcitation   = "%%CITATION = ARXIV:1112.3056;%%",
}

@article{LHCb-PAPER-2011-030,
      author         = "Aaij, R. and others",
      title          = "{Measurement of the ratio of prompt $\chi_{c}$ to
                        $J/\psi$ production in $pp$ collisions at $\sqrt{s}=7$ TeV}",
      collaboration  = "LHCb collaboration",
      journal        = "Phys. Lett.",
      volume         = "B718",
      pages          = "431",
      doi            = "10.1016/j.physletb.2012.10.068",
      year           = "2012",
      eprint         = "1204.1462",
      archivePrefix  = "arXiv",
      primaryClass   = "hep-ex",
      report         = "CERN-PH-EP-2012-068, LHCb-PAPER-2011-030",
      SLACcitation   = "%%CITATION = ARXIV:1204.1462;%%",
}

@article{LHCb-PAPER-2011-029,
      author         = "Aaij, R. and others",
      title          = "{First evidence of direct $C\!P$ violation in charmless two-body decays of $B^0_s$ mesons}",
      collaboration  = "LHCb collaboration",
      journal        = "Phys. Rev. Lett.",
      volume         = "108",
      pages          = "201601",
      doi            = "10.1103/PhysRevLett.108.201601",
      year           = "2012",
      eprint         = "1202.6251",
      archivePrefix  = "arXiv",
      primaryClass   = "hep-ex",
      report         = "CERN-PH-EP-2012-058, LHCb-PAPER-2011-029",
}

@article{LHCb-PAPER-2011-028,
      author         = "Aaij, R. and others",
      title          = "{Determination of the sign of the decay width difference
                        in the $B^0_s$ system}",
      collaboration  = "LHCb collaboration",
      journal        = "Phys. Rev. Lett.",
      volume         = "108",
      pages          = "241801",
      doi            = "10.1103/PhysRevLett.108.241801",
      year           = "2012",
      eprint         = "1202.4717",
      archivePrefix  = "arXiv",
      primaryClass   = "hep-ex",
      report         = "CERN-PH-EP-2012-050, LHCb-PAPER-2011-028",
      SLACcitation   = "%%CITATION = ARXIV:1202.4717;%%",
}

@article{LHCb-PAPER-2011-027,
      author         = "Aaij, R. and others",
      title          = "{Opposite-side flavour tagging of $B$ mesons at the LHCb
                        experiment}",
      collaboration  = "LHCb collaboration",
      journal        = "Eur. Phys. J.",
      volume         = "C72",
      pages          = "2022",
      doi            = "10.1140/epjc/s10052-012-2022-1",
      year           = "2012",
      eprint         = "1202.4979",
      archivePrefix  = "arXiv",
      primaryClass   = "hep-ex",
      report         = "CERN-PH-EP-2012-034, LHCb-PAPER-2011-027",
      SLACcitation   = "%%CITATION = ARXIV:1202.4979;%%",
}

@article{LHCb-PAPER-2011-026,
      author         = "Aaij, R. and others",
      title          = "{Observation of $\overline{B}^0_s \to
                  J/\psi f'_2(1525)$ in $J/\psi K^+K^-$ final states}",
      collaboration  = "LHCb collaboration",
      journal        = "Phys. Rev. Lett.",
      volume         = "108",
      pages          = "151801",
      doi            = "10.1103/PhysRevLett.108.151801",
      year           = "2012",
      eprint         = "1112.4695",
      archivePrefix  = "arXiv",
      primaryClass   = "hep-ex",
      report         = "CERN-PH-EP-2011-212, LHCb-PAPER-2011-026",
      SLACcitation   = "%%CITATION = ARXIV:1112.4695;%%",
}

@article{LHCb-PAPER-2011-025,
      author         = "Aaij, R. and others",
      title          = "{Search for the rare decays $B^0_s \to
                  \mu^+\mu^-$ and $B^0 \to \mu^+\mu^-$}",
      collaboration  = "LHCb collaboration",
      journal        = "Phys. Lett.",
      volume         = "B708",
      pages          = "55",
      doi            = "10.1016/j.physletb.2012.01.038",
      year           = "2012",
      eprint         = "1112.1600",
      archivePrefix  = "arXiv",
      primaryClass   = "hep-ex",
      report         = "CERN-PH-EP-2011-186, LHCb-PAPER-2011-025",
      SLACcitation   = "%%CITATION = ARXIV:1112.1600;%%",
}

@article{LHCb-PAPER-2011-024,
      author         = "Aaij, R. and others",
      title          = "{Measurements of the branching fractions and $C\!P$
                        asymmetries of $B^\pm \to J/\psi \pi^\pm$ and $B^\pm \to \psi (2S) \pi^\pm$ decays}",
      collaboration  = "LHCb collaboration",
      journal        = "Phys. Rev.",
      pages          = "091105(R)",
      volume         = "D85",
      doi            = "10.1103/PhysRevD.85.091105",
      year           = "2012",
      eprint         = "1203.3592",
      archivePrefix  = "arXiv",
      primaryClass   = "hep-ex",
      report         = "LHCb-PAPER-2011-024, CERN-PH-EP-2012-070",
      SLACcitation   = "%%CITATION = ARXIV:1203.3592;%%",
}

@article{LHCb-PAPER-2011-023,
      author         = "Aaij, R. and others",
      title          = "{Evidence for $C\!P$ violation in time-integrated $D^0 \to h^-h^+$ decay rates}",
      collaboration  = "LHCb collaboration",
      journal        = "Phys. Rev. Lett.",
      volume         = "108",
      pages          = "111602",
      doi            = "10.1103/PhysRevLett.108.111602",
      year           = "2012",
      eprint         = "1112.0938",
      archivePrefix  = "arXiv",
      primaryClass   = "hep-ex",
      report         = "LHCb-PAPER-2011-023, CERN-PH-EP-2011-208",
      SLACcitation   = "%%CITATION = ARXIV:1112.0938;%%",
}

@article{LHCb-PAPER-2011-022,
      author         = "Aaij, R and others",
      title          = "{Measurements of the branching fractions of the decays
                        $B^0_s \to D^\mp_s K^\pm $ and $B^0_s \to D^-_s \pi^+$}",
      collaboration  = "LHCb collaboration",
      journal        = "JHEP",
      volume         = "06",
      pages          = "115",
      doi            = "10.1007/JHEP06(2012)115",
      year           = "2012",
      eprint         = "1204.1237",
      archivePrefix  = "arXiv",
      primaryClass   = "hep-ex",
      report         = "CERN-PH-EP-2012-091, LHCb-PAPER-2011-022",
      SLACcitation   = "%%CITATION = ARXIV:1204.1237;%%",
}

@article{LHCb-PAPER-2011-021,
      author         = "Aaij, R. and others",
      title          = "{Measurement of the $C\!P$-violating phase
                  $\phi_s$ in the decay $B^0_s \to J/\psi \phi$}",
      collaboration  = "LHCb collaboration",
      journal        = "Phys. Rev. Lett.",
      volume         = "108",
      pages          = "101803",
      doi            = "10.1103/PhysRevLett.108.101803",
      year           = "2012",
      eprint         = "1112.3183",
      archivePrefix  = "arXiv",
      primaryClass   = "hep-ex",
      report         = "CERN-PH-EP-2011-214, LHCb-PAPER-2011-021",
      SLACcitation   = "%%CITATION = ARXIV:1112.3183;%%",
}

@article{LHCb-PAPER-2011-020,
      author         = "Aaij, R. and others",
      collaboration  = "LHCb collaboration",
      title          = "{Differential branching fraction and angular analysis of
                        the decay $B^0 \to K^{*0} \mu^+ \mu^-$}",
      journal        = "Phys. Rev. Lett.",
      volume         = "108",
      pages          = "181806",
      doi            = "10.1103/PhysRevLett.108.181806",
      year           = "2012",
      eprint         = "1112.3515",
      archivePrefix  = "arXiv",
      primaryClass   = "hep-ex",
      report         = "LHCb-PAPER-2011-020, CERN-PH-EP-2011-211",
      SLACcitation   = "%%CITATION = ARXIV:1112.3515;%%",
}

@article{LHCb-PAPER-2011-019,
      author         = "Aaij, R. and others",
      title          = "{Measurement of the cross-section ratio
                        $\sigma(\chi_{c2})/\sigma(\chi_{c1})$ for prompt $\chi_c$
                        production at $\sqrt{s}=7$ TeV}",
      collaboration  = "LHCb collaboration",
      journal        = "Phys. Lett.",
      volume         = "B714",
      pages          = "215-223",
      doi            = "10.1016/j.physletb.2012.06.077",
      year           = "2012",
      eprint         = "1202.1080",
      archivePrefix  = "arXiv",
      primaryClass   = "hep-ex",
      report         = "LHCb-PAPER-2011-019, CERN-PH-EP-2011-227",
      SLACcitation   = "%%CITATION = ARXIV:1202.1080;%%",
}

@article{LHCb-PAPER-2011-018,
      author         = "Aaij, R. and others",
      title          = "{Measurement of $b$ hadron production fractions in 7 TeV $pp$ collisions}",
      collaboration  = "LHCb collaboration",
      journal        = "Phys. Rev.",
      volume         = "D85",
      pages          = "032008",
      doi            = "10.1103/PhysRevD.85.032008",
      year           = "2012",
      eprint         = "1111.2357",
      archivePrefix  = "arXiv",
      primaryClass   = "hep-ex",
      report         = "CERN-PH-EP-2011-172, LHCb-PAPER-2011-018",
      SLACcitation   = "%%CITATION = ARXIV:1111.2357;%%",
}

@article{LHCb-PAPER-2011-017,
      author         = "Aaij, R. and others",
      title          = "{Search for $C\!P$ violation in $D^+ \to K^-K^+\pi^+$ decays}",
      collaboration  = "LHCb collaboration",
      journal        = "Phys. Rev.",
      volume         = "D84",
      pages          = "112008",
      doi            = "10.1103/PhysRevD.84.112008",
      year           = "2011",
      eprint         = "1110.3970",
      archivePrefix  = "arXiv",
      primaryClass   = "hep-ex",
      report         = "LHCb-PAPER-2011-017, CERN-PH-EP-2011-163",
      SLACcitation   = "%%CITATION = ARXIV:1110.3970;%%",
}

@article{LHCb-PAPER-2011-016,
      author         = "Aaij, R. and others",
      title          = "{Measurements of the branching fractions for
                  $B_{(s)} \to D_{(s)}\pi\pi\pi$ and $\Lambda_b^0 \to
                  \Lambda_c^+\pi\pi\pi$}",
      collaboration  = "LHCb collaboration",
      journal        = "Phys. Rev.",
      volume         = "D84",
      pages          = "092001", 
      doi            = "10.1103/PhysRevD.84.092001",
      year           = "2011",
      eprint         = "1109.6831",
      archivePrefix  = "arXiv",
      primaryClass   = "hep-ex",
      report         = "LHCb-PAPER-2011-016, CERN-PH-EP-2011-151",
      extraPrefix    = "Erratum",
      extraVolume    = "D85",
      extraPages     = "039904",
      extraYear      = "2012",
      extraDoi       = "10.1103/PhysRevD.85.039904",
      SLACcitation   = "%%CITATION = ARXIV:1109.6831;%%",
}

@article{LHCb-PAPER-2011-015,
      author         = "Aaij, R. and others",
      title          = "{Absolute luminosity measurements with the LHCb detector
                        at the LHC}",
      collaboration  = "LHCb collaboration",
      journal        = "JINST",
      volume         = "7",
      pages          = "P01010",
      doi            = "10.1088/1748-0221/7/01/P01010",
      year           = "2012",
      eprint         = "1110.2866",
      archivePrefix  = "arXiv",
      primaryClass   = "hep-ex",
      report         = "LHCb-PAPER-2011-015, CERN-PH-EP-2011-157",
      SLACcitation   = "%%CITATION = ARXIV:1110.2866;%%",
}

@article{LHCb-PAPER-2011-014,
      author         = "Aaij, R. and others",
      title          = "{Measurement of the effective $B^0_s\to K^+K^-$
                        lifetime}",
      collaboration  = "LHCb collaboration",
      journal        = "Phys. Lett.",
      volume         = "B707",
      pages          = "349",
      doi            = "10.1016/j.physletb.2011.12.058",
      year           = "2012",
      eprint         = "1111.0521",
      archivePrefix  = "arXiv",
      primaryClass   = "hep-ex",
      report         = "CERN-PH-EP-2011-167, LHCb-PAPER-2011-014",
      SLACcitation   = "%%CITATION = ARXIV:1111.0521;%%",
}

@article{LHCb-PAPER-2011-013,
      author         = "Aaij, R. and others",
      title          = "{Observation of $J/\psi$-pair production in pp collisions
                        at $\sqrt{s}=7$ TeV}",
      collaboration  = "LHCb collaboration",
      journal        = "Phys. Lett.",
      volume         = "B707",
      pages          = "52",
      doi            = "10.1016/j.physletb.2011.12.015",
      year           = "2012",
      eprint         = "1109.0963",
      archivePrefix  = "arXiv",
      primaryClass   = "hep-ex",
      report         = "LHCb-PAPER-2011-013, CERN-PH-EP-2011-135",
      SLACcitation   = "%%CITATION = ARXIV:1109.0963;%%",
}

@article{LHCb-PAPER-2011-012,
      author         = "Aaij, R. and others",
      title          = "{First observation of the decay $B^0_s \to K^{*0} \overline{K}^{*0}$}",
      collaboration  = "LHCb collaboration",
      journal        = "Phys. Lett.",
      volume         = "B709",
      pages          = "50",
      doi            = "10.1016/j.physletb.2012.02.001",
      year           = "2012",
      eprint         = "1111.4183",
      archivePrefix  = "arXiv",
      primaryClass   = "hep-ex",
      report         = "CERN-PH-EP-2011-183, LHCb-PAPER-2011-012",
      SLACcitation   = "%%CITATION = ARXIV:1111.4183;%%",
}

@article{LHCb-PAPER-2011-011,
      author         = "Aaij, R. and others",
      title          = "{Measurement of charged particle multiplicities in $pp$
                        collisions at $\sqrt{s}=7$ TeV in the forward region}",
      collaboration  = "LHCb collaboration",
      journal        = "Eur. Phys. J.",
      volume         = "C72",
      pages          = "1947",
      doi            = "10.1140/epjc/s10052-012-1947-8",
      year           = "2012",
      eprint         = "1112.4592",
      archivePrefix  = "arXiv",
      primaryClass   = "hep-ex",
      report         = "LHCb-PAPER-2011-011, CERN-PH-EP-2011-209",
      SLACcitation   = "%%CITATION = ARXIV:1112.4592;%%",
}

@article{LHCb-PAPER-2011-010,
      author         = "Aaij, R. and others",
      title          = "{Measurement of the $B^0_s$--$\overline{B}^0_s$ oscillation
                        frequency $\Delta m_s$ in $B^0_s \to D_s^-(3) \pi$
                        decays}",
      collaboration  = "LHCb collaboration",
      journal        = "Phys. Lett.",
      volume         = "B709",
      pages          = "177",
      doi            = "10.1016/j.physletb.2012.02.031",
      year           = "2012",
      eprint         = "1112.4311",
      archivePrefix  = "arXiv",
      primaryClass   = "hep-ex",
      report         = "LHCb-PAPER-2011-010, CERN-PH-EP-2011-194",
      SLACcitation   = "%%CITATION = ARXIV:1112.4311;%%",
}

@article{LHCb-PAPER-2011-009,
      author         = "Aaij, R. and others",
      title          = "{Search for lepton number violating decays
                        $B^+\to \pi^- \mu^+ \mu^+$ and $B^+\to K^- \mu^+ \mu^+$}",
      collaboration  = "LHCb collaboration",
      journal        = "Phys. Rev. Lett.",
      volume         = "108",
      pages          = "101601",
      doi            = "10.1103/PhysRevLett.108.101601",
      year           = "2012",
      eprint         = "1110.0730",
      archivePrefix  = "arXiv",
      primaryClass   = "hep-ex",
      report         = "LHCb-PAPER-2011-009, CERN-PH-EP-2011-156",
      SLACcitation   = "%%CITATION = ARXIV:1110.0730;%%",
}

@article{LHCb-PAPER-2011-008,
      author         = "Aaij, R. and others",
      title          = "{First observation of the decay $\overline{B}^0_s \to D^0
                        K^{*0}$ and a measurement of the ratio of branching
                        fractions $\frac{\mathcal{B}(\overline{B}^0_s \to D^0
                        K^{*0})}{\mathcal{B}(\overline{B}^0 \to D^0 \rho^0)}$}",
      collaboration  = "LHCb collaboration",
      journal        = "Phys. Lett.",
      volume         = "B706",
      pages          = "32",
      doi            = "10.1016/j.physletb.2011.10.073",
      year           = "2011",
      eprint         = "1110.3676",
      archivePrefix  = "arXiv",
      primaryClass   = "hep-ex",
      report         = "LHCb-PAPER-2011-008, CERN-PH-EP-2011-150",
      SLACcitation   = "%%CITATION = ARXIV:1110.3676;%%",
}

@article{LHCb-PAPER-2011-007,
      author         = "Aaij, R. and others",
      title          = "{Measurement of the inclusive $\phi$ cross-section in $pp$
                        collisions at $\sqrt{s}=7$ TeV}",
      collaboration  = "LHCb collaboration",
      journal        = "Phys. Lett.",
      volume         = "B703",
      pages          = "267",
      doi            = "10.1016/j.physletb.2011.08.017",
      year           = "2011",
      eprint         = "1107.3935",
      archivePrefix  = "arXiv",
      primaryClass   = "hep-ex",
      report         = "LHCb-PAPER-2011-007, CERN-PH-EP-2011-106",
      SLACcitation   = "%%CITATION = ARXIV:1107.3935;%%",
}

@article{LHCb-PAPER-2011-006,
      author         = "Aaij, R. and others",
      title          = "{Determination of $f_s/f_d$ for 7 TeV $pp$ collisions and measurement of the $B^0\to D^-K^+$ branching fraction}",
      collaboration  = "LHCb collaboration",
      journal        = "Phys. Rev. Lett.",
      volume         = "107",
      pages          = "211801",
      doi            = "10.1103/PhysRevLett.107.211801",
      year           = "2011",
      eprint         = "1106.4435",
      archivePrefix  = "arXiv",
      primaryClass   = "hep-ex",
      report         = "CERN-PH-EP-2011-075, LHCb-PAPER-2011-006",
      SLACcitation   = "%%CITATION = ARXIV:1106.4435;%%",
}
@article{LHCb-PAPER-2011-005,
      author         = "Aaij, R. and others",
      title          = "{Measurement of $V^0$ production ratios in $pp$
                        collisions at $\sqrt{s} = 0.9$ and 7 TeV}",
      collaboration  = "LHCb collaboration",
      journal        = "JHEP",
      volume         = "08",
      pages          = "034",
      doi            = "10.1007/JHEP08(2011)034",
      year           = "2011",
      eprint         = "1107.0882",
      archivePrefix  = "arXiv",
      primaryClass   = "hep-ex",
      report         = "CERN-PH-EP-2011-082, LHCb-PAPER-2011-005",
      SLACcitation   = "%%CITATION = ARXIV:1107.0882;%%",
}

@article{LHCb-PAPER-2011-004,
      author         = "Aaij, R. and others",
      title          = "{Search for the rare decays $B^0_s \to
                  \mu^+\mu^-$ and $B^0 \to \mu^+\mu^-$}",
      collaboration  = "LHCb collaboration",
      journal        = "Phys. Lett.",
      volume         = "B699",
      pages          = "330",
      doi            = "10.1016/j.physletb.2011.04.031",
      year           = "2011",
      eprint         = "1103.2465",
      archivePrefix  = "arXiv",
      primaryClass   = "hep-ex",
      report         = "CERN-PH-EP-2011-029, LHCb-PAPER-2011-004",
      SLACcitation   = "%%CITATION = ARXIV:1103.2465;%%",
}

@article{LHCb-PAPER-2011-003,
      author         = "Aaij, R. and others",
      title          = "{Measurement of $J/\psi$ production in $pp$
                  collisions at $\sqrt{s}=7$ TeV}",
      collaboration  = "LHCb collaboration",
      journal        = "Eur. Phys. J.",
      volume         = "C71",
      pages          = "1645",
      doi            = "10.1140/epjc/s10052-011-1645-y",
      year           = "2011",
      eprint         = "1103.0423",
      archivePrefix  = "arXiv",
      primaryClass   = "hep-ex",
      report         = "CERN-PH-EP-2011-018, LHCb-PAPER-2011-003",
      SLACcitation   = "%%CITATION = ARXIV:1103.0423;%%",
}


@article{LHCb-PAPER-2011-002,
      author         = "Aaij, R. and others",
      title          = "{First observation of $B^0_s \to \jpsi f_0(980)$ decays}",
      collaboration  = "LHCb collaboration",
      journal        = "Phys. Lett.",
      volume         = "B698",
      pages          = "115",
      doi            = "10.1016/j.physletb.2011.03.006",
      year           = "2011",
      eprint         = "1102.0206",
      archivePrefix  = "arXiv",
      primaryClass   = "hep-ex",
      report         = "CERN-PH-EP-2011-011, LHCb-PAPER-2011-002",
      SLACcitation   = "%%CITATION = ARXIV:1102.0206;%%",
}

@article{LHCb-PAPER-2011-001,
      author         = "Aaij, R. and others",
      title          = "{First observation of $\overline{B}^0_s \to D_{s2}^{*+} X \mu^-\overline{\nu}$
                        decays}",
      collaboration  = "LHCb collaboration",
      journal        = "Phys. Lett.",
      volume         = "B698",
      pages          = "14",
      doi            = "10.1016/j.physletb.2011.02.039",
      year           = "2011",
      eprint         = "1102.0348",
      archivePrefix  = "arXiv",
      primaryClass   = "hep-ex",
      report         = "CERN-PH-EP-2011-008, LHCb-PAPER-2011-001",
      SLACcitation   = "%%CITATION = ARXIV:1102.0348;%%",
}

@article{LHCb-PAPER-2010-002,
      author         = "Aaij, R. and others",
      title          = "{Measurement of $\sigma(pp \to b\overline{b} X)$ at
                        $\sqrt{s}=7$ TeV in the forward region}",
      collaboration  = "LHCb collaboration",
      journal        = "Phys. Lett.",
      volume         = "B694",
      pages          = "209",
      doi            = "10.1016/j.physletb.2010.10.010",
      year           = "2010",
      eprint         = "1009.2731",
      archivePrefix  = "arXiv",
      primaryClass   = "hep-ex",
      report         = "CERN-PH-EP-2010-029, LHCb-PAPER-2010-002",
      SLACcitation   = "%%CITATION = ARXIV:1009.2731;%%",
}

@article{LHCb-PAPER-2010-001,
      author         = "Aaij, R and others",
      title          = "{Prompt $K^0_S$ production in $pp$ collisions at
                  $\sqrt{s}=0.9$ TeV}",
      collaboration  = "LHCb collaboration",
      journal        = "Phys. Lett.",
      volume         = "B693",
      pages          = "69",
      doi            = "10.1016/j.physletb.2010.08.055",
      year           = "2010",
      eprint         = "1008.3105",
      archivePrefix  = "arXiv",
      primaryClass   = "hep-ex",
      report         = "CERN-PH-EP-2010-027",
      SLACcitation   = "%%CITATION = ARXIV:1008.3105;%%",
}
