@lhcbreport{LHCb-TDR-016,
      collaboration = "LHCb collaboration",
      title         = "{LHCb Trigger and Online Technical Design Report}",
      institution   = "CERN",
      address       = "Geneva",
      number        = "{CERN-LHCC-2014-016}",
      note          = "LHCb-TDR-016",
      year          = "2014",
}

@lhcbreport{LHCb-TDR-015,
      collaboration = "LHCb collaboration",
      title         = "{LHCb Tracker Upgrade Technical Design Report}",
      institution   = "CERN",
      address       = "Geneva",
      number        = "{CERN-LHCC-2014-001}",
      note          = "LHCb-TDR-015",
      year          = "2014",
}

@lhcbreport{LHCb-TDR-014,
      collaboration = "LHCb collaboration",
      title         = "{LHCb PID Upgrade Technical Design Report}",
      institution   = "CERN",
      address       = "Geneva",
      number        = "{CERN-LHCC-2013-022}",
      note          = "LHCb-TDR-014",
      year          = "2013",
}

@lhcbreport{LHCb-TDR-013,
      collaboration = "LHCb collaboration",
      title         = "{LHCb VELO Upgrade Technical Design Report}",
      institution   = "CERN",
      address       = "Geneva",
      number        = "{CERN-LHCC-2013-021}",
      note          = "LHCb-TDR-013",
      year          = "2013",
}

@lhcbreport{LHCb-TDR-012,
      collaboration = "LHCb collaboration",
      title         = "{Framework TDR for the LHCb Upgrade: Technical Design
                       Report}",
      institution   = "CERN",
      address       = "Geneva",
      number        = "{CERN-LHCC-2012-007}",
      note          = "LHCb-TDR-012",
      year          = "2012",
}

@lhcbreport{LHCb-TDR-011,
      collaboration = "LHCb collaboration",
      title         = "{LHCb computing: Technical Design Report}",
      institution   = "CERN",
      address       = "Geneva",
      number        = "{CERN-LHCC-2005-019}",
      note          = "LHCb-TDR-011",
      year          = "2005",
}

@lhcbreport{LHCb-TDR-010,
      collaboration = "LHCb collaboration",
      title         = "{LHCb trigger system: Technical Design Report}",
      institution   = "CERN",
      address       = "Geneva",
      number        = "{CERN-LHCC-2003-031}",
      note          = "LHCb-TDR-010",
      year          = "2003",
}

@lhcbreport{LHCb-TDR-009,
      collaboration = "LHCb collaboration",
      title         = "{LHCb reoptimized detector design and performance:
                       Technical Design Report}",
      institution   = "CERN",
      address       = "Geneva",
      number        = "{CERN-LHCC-2003-030}",
      note          = "LHCb-TDR-009",
      year          = "2003",
}

@lhcbreport{LHCb-TDR-008,
      collaboration = "LHCb collaboration",
      title         = "{LHCb inner tracker: Technical Design Report}",
      institution   = "CERN",
      address       = "Geneva",
      number        = "{CERN-LHCC-2002-029}",
      note          = "LHCb-TDR-008",
      year          = "2002",
}

@lhcbreport{LHCb-TDR-007,
      collaboration = "LHCb collaboration",
      title         = "{LHCb online system, data acquisition and experiment
                       control: Technical Design Report}",
      institution   = "CERN",
      address       = "Geneva",
      number        = "{CERN-LHCC-2001-040}",
      note          = "LHCb-TDR-007",
      year          = "2001",
}

@lhcbreport{LHCb-TDR-006,
      collaboration = "LHCb collaboration",
      title         = "{LHCb outer tracker: Technical Design Report}",
      institution   = "CERN",
      address       = "Geneva",
      number        = "{CERN-LHCC-2001-024}",
      note          = "LHCb-TDR-006",
      year          = "2001",
}

@lhcbreport{LHCb-TDR-005,
      collaboration = "LHCb collaboration",
      title         = "{LHCb VELO (VErtex LOcator): Technical Design Report}",
      institution   = "CERN",
      address       = "Geneva",
      number        = "{CERN-LHCC-2001-011}",
      note          = "LHCb-TDR-005",
      year          = "2001",
}

@lhcbreport{LHCb-TDR-004,
      collaboration = "LHCb collaboration",
      title         = "{LHCb muon system: Technical Design Report}",
      institution   = "CERN",
      address       = "Geneva",
      number        = "{CERN-LHCC-2001-010}",
      note          = "LHCb-TDR-004",
      year          = "2001",
}

@lhcbreport{LHCb-TDR-003,
      collaboration = "LHCb collaboration",
      title         = "{LHCb RICH: Technical Design Report}",
      institution   = "CERN",
      address       = "Geneva",
      number        = "{CERN-LHCC-2000-037}",
      note          = "LHCb-TDR-003",
      year          = "2000",
}

@lhcbreport{LHCb-TDR-002,
      collaboration = "LHCb collaboration",
      title         = "{LHCb calorimeters: Technical Design Report}",
      institution   = "CERN",
      address       = "Geneva",
      number        = "{CERN-LHCC-2000-036}",
      note          = "LHCb-TDR-002",
      year          = "2000",
}

@lhcbreport{LHCb-TDR-001,
      collaboration = "LHCb collaboration",
      title         = "{LHCb magnet: Technical Design Report}",
      institution   = "CERN",
      address       = "Geneva",
      number        = "{CERN-LHCC-2000-007}",
      note          = "LHCb-TDR-001",
      year          = "2000",
}

